4442 5150
368 614 375 622 ‘
464 621 707 718 nnnc·
798 614 1500 702 nouom-nn:
1598 597 1601 604 ’
1693 639 1771 720 -171

454 755 513 827 ‚do
531 770 713 852 parentem
726 749 775 840 (a)
794 750 952 845 iturum,
971 750 1169 826 &haereses
1186 750 1238 825 ibi
1255 754 1456 827 exorientes
1475 748 1545 826 levi
1558 772 1668 850 opera
1678 749 1771 839 diffi-
1792 833 1794 836 Α

462 873 644 949 paturum.
695 850 909 946 Jemgumrrm
943 851 1066 944 euim,
1108 850 1206 947 quod
1234 849 1371 948 insigne
1394 849 1514 923 sorum
1540 849 1592 924 est
1618 850 1657 924 in
1682 875 1771 950 agro

461 950 652 1039 Reidano,
687 949 724 1019 in
749 952 827 1044 ripa
850 947 970 1020 Amafi
990 946 1119 1041 fitum,
1144 946 1352 1044 cogitabat,
1378 944 1452 1045 quo
1471 949 1596 1046 ingens
1612 948 1772 1025 rasorum

456 1046 662 1145 ‘frequentia
687 1047 877 1139 quotannis
893 1043 1020 1118 'medio
1046 1043 1163 1118 mense
1186 1046 1321 1138 Junio,
1356 1045 1414 1118 die
1437 1069 1504 1138 eo,
1528 1048 1592 1142 qui
1612 1046 1704 1123 Vito
1720 1048 1773 1123 sa·

460 1170 524 1220 cer
538 1144 610 1235 est,
637 1142 796 1217 velutad
813 1140 993 1216 solennem
1012 1163 1232 1216 conventum
1249 1141 1435 1217 confluere
1452 1141 1553 1216 solet.
1579 1139 1670 1237 Qud
1686 1168 1772 1226 cun

460 1242 639 1334 venisset,
675 1240 826 1350 stipante
850 1242 1052 1338 gregalium
1078 1260 1242 1333 caterva,
1276 1238 1483 1337 suggestum
1510 1239 1771 1337 conscendens,

459 1366 529 1438 pro
555 1363 655 1412 more
681 1336 744 1409 suo
770 1336 1034 1434 impudentiore
1059 1338 1095 1408 in
1123 1336 1322 1411 dostrinam
1339 1336 1590 1410 Reformatam
1609 1337 1771 1413 inveuus

459 1439 556 1525 suit,
583 1434 859 1532 necquidquam
880 1434 977 1530 pensi
996 1434 1146 1524 habuit,
1172 1435 1258 1532 quid
1276 1434 1434 1527 diceret,
1460 1434 1546 1507 dum
1565 1431 1678 1506 modo
1695 1458 1771 1510 ma·

460 1536 644 1610 lediceret.
686 1532 756 1606 Sed
775 1534 912 1629 aliquot
931 1532 1172 1604 Ecclefiarum
1191 1531 1342 1606 ministri
1359 1533 1503 1605 aderant
1521 1531 1676 1623 ibidem,
1701 1556 1772 1631 pu·

449 1635 603 1708 ritatem
629 1629 803 1703 doslriuae
830 1649 1007 1722 amantes,
1041 1631 1103 1724 qui
1129 1629 1222 1702 sama
1239 1631 1428 1702 Laurentii
1443 1629 1615 1722 excitati,
1639 1654 1685 1703 ex
1702 1654 1771 1705 vo·

457 1731 598 1804 luntate
623 1729 766 1821 suorum
795 1726 913 1800 isthuc
938 1725 972 1799 se
998 1726 1248 1817 contulerant,
1281 1729 1318 1802 &
1344 1725 1566 1800 differentem
1593 1750 1697 1821 eum,
1726 1737 1770 1802 'a'c

456 1828 631 1927 dogmata
652 1825 747 1899 sacra
763 1823 1009 1899 auscultabant
1025 1822 1265 1898 insectantem.
1288 1825 1363 1927 ,Hi
1380 1825 1575 1920 vanitatem
1595 1823 1772 1901 frontem·

456 1949 528 2023 que
553 1927 629 2022 ejus
653 1927 772 1998 mirati
800 1931 892 2016 (nec
918 1923 1014 1996 euim
1040 1922 1259 2020 quidquam,
1292 1922 1388 2021 quod
1408 1922 1550 2019 pondus
1566 1916 1772 2019 rationum,

456 2024 759 2098 authoritatemve
772 2020 943 2095 divinam
963 2021 1131 2114 haberet,
1158 2024 1195 2094 in
1212 2020 1370 2094 medium
1389 2020 1585 2110 attulerat)
1604 2019 1771 2118 indigne·

454 2145 528 2220 que
554 2121 705 2195 serentes
722 2121 908 2195 veritatem
927 2120 1155 2217 conspicuam
1177 2118 1324 2216 impune
1342 2118 1544 2217 proscindi,
1569 2141 1691 2191 coram
1709 2139 1769 2194 to-

453 2219 754 2293 tamultitudine
779 2219 816 2289 in
844 2219 943 2290 osci
970 2218 1289 2309 contradixerunt,
1321 2241 1363 2290 ac
1389 2215 1584 2290 manifestae
1605 2214 1769 2291 salfitatir

459 2314 657 2392 assertiones
676 2318 752 2413 ejus
770 2313 977 2408 convistar,
1002 2314 1098 2411 apud
1118 2339 1242 2389 omues
1259 2314 1387 2411 quibus
1405 2314 1771 2408 [atramentarium

457 2414 632 2512 pudorem
650 2415 847 2506 dederunt,
864 2433 1073 2517 quanquam
1091 2413 1238 2486 assertor
1255 2411 1349 2510 ipse,
1374 2413 1511 2510 pudere
1528 2410 1685 2502 nescius,
1712 2411 1770 2486 iu·-

455 2533 510 2586 ter
527 2514 715 2610 imperitos
733 2513 770 2587 ὃ(
788 2511 839 2585 sui
859 2511 987 2584 similes
1005 2513 1229 2609 triumphum
1249 2530 1404 2585 caneret.
1447 2506 1624 2583 Postridie
1642 2506 1787 2585 eodem

455 2610 530 2683 loci
557 2610 578 2681 ὲ
604 2609 769 2707 suggestu
788 2609 882 2682 dixit
899 2613 1062 2684 Reinerus
1081 2611 1332 2701 Monetarius,
1358 2609 1545 2680 Laurentii
1563 2632 1704 2702 comes,
1731 2607 1772 2685 dt

457 2706 532 2802 ipse
551 2709 746 2785 monachus
761 2708 972 2800 Iacobum,
998 2706 1237 2779 Laurentium
1257 2703 1520 2803 propemodum
1540 2705 1698 2778 vanitate
1714 2724 1770 2779 atr·

456 2826 529 2897 que
556 2805 778 2974 impudentia
802 2804 990 2906 superans,
1024 2810 1084 2877 cui
1114 2803 1269 2877 studium
1296 2823 1392 2893 etat,
1425 2825 1466 2874 ea
1492 2824 1574 2897 quae
1600 2798 1719 2899 pridie
1746 2802 1769 2875 ἢ

455 2902 581 2977 Priore
614 2927 662 2975 uo
678 2901 855 2999 disputata
871 2903 1033 2996 sueram,
1058 2904 1165 2976 tueri.
1208 2902 1330 2997 Qrem
1351 2896 1437 2975 cirm
1455 2901 1632 2996 patienter
1647 2898 1766 2976 audia-

453 2998 525 3092 set,
553 3000 829 3100 petulantissime
848 3002 881 3074 se
895 3000 1109 3099 jactantem,
1136 2999 1253 3076 sumus
1282 3026 1326 3075 ue
1344 2998 1576 3090 fundentem,
1602 3002 1770 3075 Herricnr

455 3096 686 3174 Ecclesiastes
712 3100 985 3191 Oldersherm'rrs,
1018 3102 1075 3176 vir
1100 3102 1235 3198 pietate
1298 3123 1421 3192 ruens,
1458 3098 1496 3173 δι
1513 3094 1770 3195 insrgnitetso·

453 3197 613 3289 cundus,
647 3199 826 3271 concione
848 3200 920 3292 jam
950 3197 1073 3291 finita,
1109 3199 1380 3275 multitudinem
1403 3196 1646 3296 compellans,
1671 3193 1769 3269 clara

454 3318 546 3368 voce
572 3297 641 3369 uit:
686 3347 713 3390 ‚,
739 3295 777 3368 Si
798 3297 875 3392 quis
894 3294 1133 3370 defensionem
1155 3300 1336 3392 veritatis,
1361 3317 1489 3371 contra
1507 3296 1769 3368 monachorum

454 3442 482 3484 „
500 3393 683 3465 mendacia
702 3394 738 3467 &
758 3416 867 3465 vanos
885 3418 1040 3487 errores,
1065 3395 1186 3468 audire
1204 3398 1330 3491 cupit,
1355 3418 1413 3467 me
1430 3392 1614 3489 sequatur:
1628 3440 1655 3481 „
1682 3411 1768 3485 pro·

452 3489 660 3587 gressusque
679 3489 699 3563 ὲ
719 3491 880 3587 templo,
902 3485 1072 3589 sequente
1090 3518 1222 3591 magno
1239 3494 1429 3566 hominum
1440 3511 1611 3574 numero,
1630 3483 1769 3581 patenti

454 3589 491 3656 in
519 3612 670 3685 campo,
696 3613 830 3661 corona
849 3588 961 3682 fasta,
987 3590 1008 3663 ὲ
1028 3592 1111 3663 loco
1131 3587 1240 3688 pauli>
1260 3588 1363 3685 supra
1381 3609 1510 3662 terram
1529 3583 1652 3676 edito,
1677 3604 1769 3655 con·

455 3683 597 3755 cionem
624 3685 751 3758 habuit
778 3686 881 3760 valde
909 3687 1149 3761 luculentam:
1184 3714 1225 3759 ac
1254 3689 1341 3759 licet
1367 3681 1533 3781 pulsatis,
1558 3703 1688 3778 magna
1704 3680 1766 3775 vi,

454 3777 571 3870 nolis,
598 3782 636 3853 dt
654 3784 870 3857 clamoribus
888 3787 1098 3878 concitatis,
1119 3786 1261 3857 turbare
1279 3808 1360 3855 eum
1381 3779 1535 3853 rasorum
1554 3784 1653 3853 natio
1671 3778 1767 3852 sum·

453 3900 516 3948 mo
536 3876 652 3950 studio
672 3881 869 3975 niteretur,
895 3882 1071 3957 constanti
1092 3905 1209 3956 tamen
1226 3882 1344 3953 animo
1364 3882 1400 3952 in
1419 3900 1547 3979 coepto
1564 3876 1767 4049 proffessus

452 3977 648 4069 peroravit.
699 3978 755 4050 Ac
781 3980 904 4079 plebs,
939 3982 1100 4055 oratione
1124 3977 1317 4071 wdelesiata,
1353 3981 1537 4055 Henricum
1564 3979 1602 4053 dt
1667 3973 1764 4049 ccle-

453 4070 566 4149 srastas
591 4075 680 4150 alios
697 4077 804 4152 enixe
822 4080 990 4177 rogavit,
1015 4098 1056 4152 ut
1068 4077 1229 4251 qoceudi
1247 4075 1349 4152 causa
1366 4077 1493 4177 sae‘pius
1511 4075 1628 4150 isthuc
1646 4073 1765 4145 venti·

1136 4198 1157 4249 2
1653 4192 1766 4247 taren.

495 4287 542 4363 (²)
567 4288 647 4357 Hac
664 4290 774 4359 omnia
789 4289 890 4359 verbis
908 4286 1061 4369 EMMII
1081 4287 1155 4358 Lib.
1165 4286 1261 4358 LIV.
1276 4288 1488 4378 p.837··84o.
1512 4298 1684 4357 narrantur.
1710 4332 1716 4347 .
1747 4339 1756 4350 .
