4442 5150
512 613 579 716 ηδ
698 611 1088 691 HISTORIA
1131 610 1573 694 EVANGELII
1646 614 1816 718 Aures.

507 769 610 824 erant
636 751 784 848 imperii
813 751 995 842 Comitia,
1026 749 1284 847 succedebant,
1309 754 1366 826 scd
1385 755 1422 826 in
1439 777 1569 826 annum
1589 750 1817 850 sequentem,

508 851 545 926 ὅ(
566 851 601 920 in
621 850 729 921 alium
749 873 891 946 quoque
910 852 1055 942 locum,
1083 851 1223 945 Spiram
1242 875 1392 946 nempe,
1417 846 1687 924 differebantur.

555 945 714 1032 §.LXL
749 947 934 1021 Lutherut
958 950 1091 1019 interea
1118 974 1208 1040 ore,
1251 948 1422 1044 scriptia,
1463 946 1640 1042 confluo,
1682 949 1818 1048 reipsa,

507 1065 681 1141 quantum
700 1045 738 1115 in
755 1044 830 1138 ipso
849 1065 946 1136 erat,
975 1044 1166 1140 Evangelii
1184 1045 1320 1118 eausam
1341 1069 1577 1140 promovere,
1593 1066 1701 1142 atquc
1714 1072 1817 1121 cum·

506 1143 633 1312 primis
659 1165 732 1213 non
757 1140 873 1214 soliim
901 1141 922 1214 ai
944 1139 1002 1214 sua
1019 1142 1183 1216 doditina
1200 1143 1360 1215 seditiosa
1377 1149 1497 1215 omnia
1513 1147 1699 1216 conamina
1717 1171 1817 1219 amo·

526 1241 589 1328 'ri,
612 1238 668 1311 sed
689 1241 726 1312 ὃ(
744 1239 907 1312 adversus
925 1238 1138 1312 rusticorum
1158 1242 1457 1314 tumultuantium
1476 1241 1684 1314 turbulenta
1699 1242 1817 1316 confi·

500 1336 555 1413 ‘lia
573 1339 608 1407 in
626 1336 763 1409 scenam
785 1338 952 1434 prodire,
968 1340 1144 1433 variisque
1162 1339 1267 1411 editis
1287 1339 1415 1410 libellis
1432 1338 1606 1412 dosirinae
1624 1340 1818 1435 puritatem

507 1433 651 1507 asserere
671 1459 711 1506 ac
729 1458 965 1531 promovere,
994 1433 1132 1507 strenui
1151 1436 1346 1532 pergebat}
1375 1435 1473 1531 Quae
1493 1439 1612 1508 omnia
1629 1437 1760 1509 mirum
1780 1443 1819 1511 in

507 1533 655 1606 modum
678 1533 868 1629 Evangelii
888 1535 998 1605 renati
1019 1533 1244 1629 progressum
1263 1531 1477 1605 confirmare
1495 1530 1692 1629 potuissent
1710 1554 1817 1631 atque

532 1629 711 1720 erficere,
730 1629 819 1719 ¹nili
856 1631 956 1703 simul
991 1628 1179 1703 tristissima
1212 1632 1290 1703 belli
1314 1630 1579 1706 Sacramentum
1604 1631 1698 1704 inter
1724 1632 1818 1728 ipsos

506 1653 699 1824 Evangelii
727 1727 938 1801 confessores
964 1731 1104 1822 exorti,
1139 1729 1261 1825 imago
1286 1724 1553 1820 intervenisset,
1576 1747 1823 1826 cognatasque

506 1825 545 1900 iu
561 1825 598 1897 se
612 1829 702 1897 acies
721 1826 969 1898 convertiffet:
1001 1827 1101 1897 Inter
1118 1827 1253 1922 reliqua
1269 1821 1359 1897 uero
1376 1825 1484 1922 hujus
1502 1826 1583 1899 anni
1600 1826 1816 1922 petLutlre·

506 1946 586 1997 tum
604 1921 699 1995 edita
718 1920 869 2018 scripta,
895 1924 1052 1994 eminent
1070 1926 1146 2018 ejus
1165 1924 1429 1996 Annotationes
1448 1924 1485 1995 in
1498 1926 1819 2018 Deuteronomiuni,

506 2019 551 2095 ad
576 2020 780 2115 Georgium
808 2018 1015 2112 Nileum,
1050 2018 1273 2117 Episcopum
1295 2019 1557 2114 Sambieusem,
1592 2044 1696 2115 quae,
1730 2023 1819 2094 licet

505 2115 615 2190 essent
640 2138 929 2214 extemporaneae
951 2120 1023 2211 (a),
1055 2117 1136 2211 satis
1162 2138 1280 2192 tamen
1306 2118 1501 2192 ostendunt
1517 2119 1660 2215 copiam
1680 2118 1718 2191 ἃ
1736 2116 1817 2191 feli·

505 2217 653 2289 citatem
675 2218 810 2312 ingenii
822 2216 857 2290 Sc
869 2218 1106 2290 exercitatum
1125 2216 1162 2288 iu
1181 2217 1367 2313 Scriptura
1384 2215 1648 2314 interpretanda
1659 2214 1820 2290 sensumt

503 2313 678 2409 Aduersus
706 2316 839 2402 celestes
863 2314 1074 2410 Prophetae,
1107 2338 1197 2414 quos
1223 2334 1302 2387 tum
1321 2313 1525 2412 publicavit
1542 2314 1749 2409 Lutherur,
1774 2315 1820 2388 li·

503 2410 585 2503 bri,
609 2435 691 2524 'non
718 2436 831 2507 pauca
856 2411 963 2486 bonae
991 2412 1106 2511 srugis
1131 2411 1298 2510 equidem
1325 2415 1544 2505 continent,
1568 2411 1626 2485 sed
1653 2413 1725 2505 ita,
1754 2431 1823 2505 ut,
1946 2434 1953 2447 ·

504 2532 589 2583 cum
607 2511 815 2586 intermixta
834 2510 902 2586 sint
918 2512 1013 2586 varia
1031 2514 1120 2604 alia,
1140 2535 1214 2586 non
1230 2533 1334 2608 aeque
1350 2511 1393 2583 ad
1409 2510 1599 2608 EvangElii
1617 2510 1818 2583 incremen-

503 2625 585 2681 tum
602 2608 790 2702 facientia,
812 2609 879 2703 (est
896 2613 991 2684 enim
1012 2611 1083 2685 hoc
1101 2611 1287 2706 Scriptum
1298 2608 1462 2682 -Lutheri
1480 2607 1645 2682 adversus
1662 2608 1818 2683 Catulo·

502 2704 677 2799 stadium,
704 2710 837 2805 &ejus
859 2708 1021 2802 asseclas,
1047 2709 1210 2784 omnium
1229 2705 1597 2801 vehementissimum,
1615 2727 1658 2781 ut
1676 2728 1820 2805 quoque

502 2836 542 2906 ap
555 2839 604 2887 nn
621 2810 770 2889 oriemur
790 2808 910 2903 oiprspp
924 2810 1115 2904 abreptus,
1133 2809 1171 2880 in
1187 2832 1232 2882 eo
1249 2805 1487 2880 abolitionem
1503 2807 1709 2905 Imaginum
1725 2807 1819 2901 pati·

503 2922 560 2977 ter
583 2923 691 2999 atque
712 2906 941 2999 Spiritualem
962 2906 1099 2979 Christi
1146 2904 1343 2980 taesentiam
1363 2907 1400 2978 iu
1419 2907 1456 2979 S.
1476 2906 1597 2979 Coena
1613 2901 1822 3002 oppugnet}

503 3000 631 3076 eodem
656 3002 725 3074 hoc
747 3000 883 3098 scripto
902 3002 1032 3076 censeri
1050 3029 1100 3100 po
1141 3023 1157 3078 t
1173 3006 1266 3096 Belli
1281 3004 1376 3077 illius
1395 3021 1495 3074 tanta
1510 3026 1596 3074 cum
1615 3003 1820 3073 animorum

502 3096 731 3172 vehementia
755 3096 923 3195 deinceps
949 3101 1150 3176 continuati
1166 3104 1430 3201 sacramentarii
1455 3096 1634 3172 classicum
1652 3095 1821 3170 cecinisse

503 3192 710 3286 Lutherus,
728 3217 833 3293 quam
853 3215 970 3271 tamen
990 3199 1126 3273 causam
1147 3200 1308 3276 nondum
1328 3199 1487 3297 agimus:
1516 3197 1609 3268 Sunt
1627 3194 1722 3265 enim
1737 3212 1818 3267 tum

503 3294 619 3367 variae.
639 3314 783 3390 quoque
809 3294 962 3368 Lutheri
989 3299 1032 3370 ad
1059 3300 1176 3372 varios
1202 3297 1347 3393 scriptae
1373 3292 1552 3388 Epistolae,
1587 3289 1631 3364 ad
1661 3290 1817 3365 Aniver·

503 3389 638 3489 'pienses
658 3392 735 3486 (b),
755 3390 798 3465 ad
818 3383 1001 3471 Heuricum
1019 3398 1164 3497 Regem
1182 3393 1351 3492 Angliae,
1369 3392 1413 3465 ad
1424 3392 1601 3488 Georgium
1614 3390 1824 3486 Saxonum,
1938 3467 1953 3482 ἢ

503 3490 548 3563 ad
575 3492 753 3572 Allertum
782 3491 1078 3569 Mansscldensem
1104 3513 1212 3590 atque
1237 3491 1282 3563 ad
1298 3492 1410 3581 alios,
1435 3512 1588 3586 quarum
1606 3508 1821 3586 argumenta

503 3609 710 3670 enarrarunt
727 3590 786 3663 alii
796 3623 810 3678 3
830 3589 1050 3685 Enimvero,
1069 3614 1152 3688 quae
1170 3591 1207 3661 in
1225 3586 1402 3661 notiffima
1418 3588 1457 3660 de
1470 3592 1629 3661 Arbitrio
1647 3587 1704 3660 vel
1717 3590 1820 3661 sibero

503 3687 563 3762 uel
579 3688 707 3782 seruo,
733 3691 976 3766 controuersia
993 3691 1087 3763 inter
1103 3687 1311 3763 Lutherum
1330 3688 1370 3762 St
1388 3687 1577 3760 Erasmum
1596 3684 1822 3857 reeipmffi:

546 3947 598 4031 (a)
621 3944 963 4048 socronuonr.
987 3901 1431 4049 o.·11.§.r111.f0i24‚a.
1455 3948 1511 4049 qut
1527 3946 1641 4015 nram
1659 3948 1761 4012 mura
1776 3960 1821 4038 ᾳ

503 4032 538 4099 iis
561 4036 697 4119 excerpit
711 4036 824 4135 eximia
840 4034 990 4119 ledluque
1008 4034 1200 4133 digniffima,
1224 4037 1409 4121 cumprimis
1427 4049 1521 4100 emm
1537 4032 1683 4099 adreesua
1700 4024 1823 4114 Mysti-

503 4116 905 4353 ‘ffghlolillssslffln
913 4133 1150 4303 ’‘l'iltllnptffzdt.
1174 4173 1269 4304 Hanc
1283 4205 1394 4271 multis
1411 4202 1590 4302 npminiptu
1607 4194 1718 4262 nunti
1725 4213 1823 4261 eom·

501 4286 630 4353 mendat
647 4282 845 4355 SCULTE
888 4285 977 4372 US,
996 4288 1123 4375 suisque
1137 4290 1299 4356 annalibus
1315 4303 1418 4356 totam
1430 4286 1576 4368 mserum,
1596 4303 1628 4367 p·
1637 4296 1711 4365 319„
1728 4282 1802 4365 [eu.

1871 768 1876 782 Ι
