4442 5150
1022 517 1105 606 lar
1133 519 1147 606 >

419 651 623 727 nosvenire
636 647 863 746 contempsits
875 671 1177 749 verumtanquam
1191 657 1285 746 petra
1304 648 1710 749 lscandalipejorapriorb'

421 748 498 821 :bus
509 771 627 821 contra
638 770 724 836 nos,
750 766 784 818 et
797 747 880 818 hanc
893 745 1039 818 sancum
1050 746 1170 819 ledem
1184 765 1218 817 et
1231 744 1334 817 fidem
1346 744 1545 817 catholicam
1561 746 1703 819 scribere

419 864 465 914 ,et
487 842 689 938 praedicare,
712 861 745 913 et
763 841 845 912 alios
861 840 902 912 ad
925 841 991 912 hoc
1008 839 1169 913 inducere
1186 863 1255 911 non
1274 839 1416 925 veritus,
1434 860 1576 934 propter
1590 843 1702 934 quod,

400 1000 406 1018 ,
430 935 599 1033 ficutjam
612 935 680 1028 ipse
699 935 875 1007 haereticus
892 933 941 1006 est
962 934 1167 1021 declaratus,
1195 936 1238 1006 ita
1254 951 1288 1006 et
1303 933 1375 1004 aliis
1387 932 1486 1004 etiarn
1499 957 1569 1003 non
1586 957 1701 1027 parvae

421 1028 640 1105 ¹aubloritatis
653 1050 686 1100 et
696 1028 1117 1126 dignitatis,propriaeluae
1131 1028 1244 1103 salutis
1255 1026 1469 1098 immemores
1483 1026 1584 1122 ipsius
1596 1035 1701 1098 Mar.

423 1130 492 1196 irini
503 1122 691 1220 pestiferam
710 1123 947 1196 haereticorum
960 1120 1083 1196 sedlam
1095 1121 1233 1219 publice
1247 1141 1279 1194 et
1294 1121 1427 1194 notorie
1440 1121 1472 1192 le
1499 1143 1630 1209 nentes,
1646 1122 1699 1213 ei,-

419 1240 502 1314 que
511 1215 619 1315 palam
632 1236 665 1289 et
680 1218 815 1314 publice
827 1217 1014 1305 auxilium,
1029 1216 1215 1288 *confilium
1230 1237 1265 1288 et
1280 1215 1432 1288 favorem
1445 1145 1700 1312 sdbministranj·⁸

431 1330 498 1402 tes,
524 1311 634 1408 ipsum
662 1335 704 1383 ue
718 1320 907 1383 Martinam
924 1313 958 1383 in
977 1312 1045 1384 suis
1063 1310 1288 1384 inobedientia
1303 1331 1337 1382 et
1353 1313 1568 1387 contumacia
1579 1309 1700 1383 confo-

417 1426 568 1493 ·ventes,
588 1425 619 1476 et
630 1336 685 1477 ibi
703 1404 966 1501 publicationem
983 1404 1152 1480 didlarum
1170 1405 1343 1477 literarum
1361 1405 1598 1500 impedientes,
1621 1429 1698 1501 poe·

417 1523 487 1573 ,nas
504 1502 537 1571 in
555 1497 654 1572 diuis
672 1499 793 1571 nostris
816 1499 920 1572 literis
936 1519 1120 1573 contentas
1141 1497 1373 1572 damnabiliter
1401 1499 1639 1573 incurrerunt:
1663 1517 1698 1573 et

417 1594 577 1668 ,haeretici
595 1593 717 1665 merito
734 1593 810 1666 sunt
822 1595 964 1668 habendi
977 1649 1000 1681 ,Α
1016 1615 1119 1690 atque
1137 1593 1181 1666 ab
1199 1590 1359 1665 omnibus
1383 1591 1514 1666 Christi
1536 1591 1698 1666 fidelibus

417 1687 592 1776 evitandi,
610 1689 740 1759 dicente
759 1687 946 1782 Apostolot
968 1689 1166 1762 haerctieum
1184 1687 1380 1776 hominem,
1403 1686 1480 1782 post
1492 1708 1635 1759 unamet
1647 1688 1696 1760 so·

419 1785 573 1856 cundam
597 1780 842 1854 correctionem
867 1782 992 1859 devitas
1019 1782 1123 1860 sciens
1138 1782 1219 1881 quia
1238 1780 1421 1876 subversus
1434 1780 1507 1870 est,
1529 1780 1591 1876 qui
1605 1783 1695 1879 ejus·

416 1878 521 1950 modi
535 1877 602 1965 est,
622 1875 805 1972 delinquit,
826 1899 906 1949 cum
918 1878 956 1952 srt
970 1880 1111 1975 proprio
1119 1877 1252 1976 judicio
1263 1876 1519 1952 condemnatus.

306 2006 307 2009 ¹
417 2020 437 2039 -.
480 1974 530 2045 Ut
543 1973 647 2077 igitur·
657 1994 736 2042 cum
752 1979 943 2046 Martinoet
958 1974 1031 2046 aliis
1047 1973 1213 2046 haereticis
1228 1968 1553 2059 excommnnicatis,
1572 1989 1606 2044 et
1618 1994 1695 2059 ana·

416 2066 648 2140 ·rhematrzatis
658 2086 693 2138 et
707 2065 891 2140 maledictis
904 2069 1026 2141 merito
1035 2069 1258 2168 copulentur,
1279 2088 1312 2138 et
1323 2066 1409 2140 sieut
1418 2064 1455 2136 in
1464 2063 1693 2162 delinquendo

417 2162 513 2234 dieii
531 2167 679 2232 Martini
696 2161 911 2255 pertinaciam
928 2168 1134 2258 sequuntur,
1155 2162 1201 2235 ita
1218 2185 1398 2256 poenarum
1410 2180 1444 2234 et
1460 2160 1606 2232 nominis
1617 2185 1695 2253 par.

416 2256 545 2349 -ticipes
560 2256 641 2326 fiant
653 2253 836 2351 secumque
860 2260 996 2330 Lurheri
1011 2281 1132 2330 vocem
1145 2277 1178 2328 et
1188 2255 1317 2328 debitas
1327 2274 1461 2353 portent
1481 2277 1599 2351 poenas
1613 2279 1694 2328 curn

418 2348 592 2446 praedidla
608 2348 691 2422 adeo
708 2351 881 2423 manifesta
898 2371 932 2424 et
952 2349 1085 2423 notoria
1102 2350 1178 2422 sunt
1195 2345 1315 2422 effecta
1330 2370 1364 2422 et
1381 2349 1624 2454 permanentia,
1648 2349 1695 2423 ita

427 2466 467 2515 ut
482 2442 575 2514 nulla
592 2441 812 2538 probatione,
830 2463 890 2516 aut
909 2443 1115 2532 monitione,
1133 2444 1188 2514 vel
1204 2441 1361 2515 citatione
1379 2442 1568 2539 indigeant,-
1590 2466 1696 2538 prout

415 2536 473 2610 -fic
487 2538 777 2612 foredecemimus
797 2557 830 2611 et
846 2538 1071 2630 declaramus,
1092 2544 1283 2611 Martinam
1298 2556 1331 2609 et
1348 2534 1454 2625 alios,
1472 2536 1532 2633 qui
1545 2536 1692 2609 eundem

416 2639 616 2705 Martinam
632 2634 667 2705 in
684 2636 745 2706 suo
762 2658 869 2731 pravo
884 2653 917 2706 et
931 2636 1088 2706 damnato
1100 2629 1273 2739 proposito
1284 2630 1489 2704 obstinatum
1503 2632 1693 2728 sequuntur

425 2752 466 2801 ac
477 2728 580 2801 etiam*
594 2751 670 2816 eos,
695 2731 756 2823 qui
774 2752 854 2801 eum
872 2727 1027 2825 praesidio
1045 2727 1181 2800 militati
1197 2722 1398 2815 defendunt,
1416 2726 1635 2816 custodiunt,
1656 2746 1691 2800 et

424 2823 570 2920 propriis
587 2821 819 2913 facultatibus,
842 2822 895 2899 vel
911 2822 989 2897 alias
1006 2821 1267 2920 quomodolibet
1297 2820 1477 2894 sustentare
1493 2845 1561 2893 non
1573 2844 1692 2893 veten·

414 2939 498 3007 tur,
519 2917 752 3007 ac'anxilr'um,
776 2917 970 3008 confilium,
996 2918 1050 2991 vel
1068 2917 1357 3011 favoremquoris
1369 2916 1474 2989 modo
1487 2916 1690 3012 praestarem

423 3011 674 3087 lubministrare
699 3012 984 3110 ptaesumpserunt
999 3033 1033 3086 et
1059 3010 1285 3110 praesumant:
1317 3034 1469 3107 quotum
1493 3009 1607 3082 omnia
1625 3033 1690 3080 no·

423 3108 514 3183 mina
527 3128 560 3179 et
573 3105 776 3204 cognomina
786 3128 819 3180 et
830 3108 1020 3204 qualitates,
1031 3106 1157 3181 etiamn
1171 3105 1292 3200 quavis
1306 3106 1390 3180 celsa
1403 3106 1456 3178 vel
1469 3103 1587 3203 grandi
1601 3126 1688 3200 prae·

415 3200 759 3302 fulgeantdignirate,
770 3201 1001 3297 ‘praesentibus
1014 3202 1187 3275 voluimus
1201 3200 1314 3272 haberi
1327 3225 1393 3297 pro
1405 3196 1588 3296 expreffis,
1611 3200 1687 3270 aeli

421 3294 620 3367 nominatim
637 3295 929 3390 exprimerentur,
955 3321 994 3369 ac
1009 3297 1044 3370 in
1062 3294 1201 3368 illorum
1219 3292 1450 3388 publicatione
1466 3294 1585 3392 vigore
1601 3316 1690 3389 prat-

416 3388 566 3478 sentium
583 3387 730 3461 facienda
752 3391 950 3463 nominatim
971 3389 1120 3486 exprimi
1141 3387 1298 3485 pollunt,
1324 3388 1536 3460 decernimus
1550 3409 1691 3459 excom·-

421 3481 657 3555 munieationis
673 3504 706 3558 et
723 3484 820 3556 etiarn
838 3483 1071 3572 anathematis,
1090 3506 1237 3556 necnon
1254 3481 1501 3555 maledictionis
1509 3486 1689 3555 aeternaect

421 3573 606 3662 inmederi,
627 3600 667 3650 ac
683 3578 717 3650 in
735 3604 793 3651 eos
812 3598 846 3651 et
861 3602 981 3652 eorum
996 3576 1255 3664 descendentes,
1275 3575 1493 3674 dignitatum,
1518 3575 1689 3649 honorum

415 3689 453 3742 et
467 3667 637 3739 bonorum
655 3671 852 3766 privationis
868 3695 902 3748 et
919 3671 1192 3746 inhabilitationis
1207 3671 1248 3743 ad
1260 3668 1333 3743 illa:
1357 3694 1420 3741 nec
1434 3693 1502 3740 non
1515 3667 1691 3742 bonorum

420 3760 687 3851 confiscationis,
706 3785 739 3838 et
752 3766 901 3844 criminis
916 3765 1006 3841 laesae
1016 3767 1219 3866 Maiestatis,
1232 3785 1265 3839 et
1278 3764 1358 3836 alias
1369 3762 1561 3851 sententias,
1574 3764 1694 3838 censu»

411 3877 516 3932 ‚aaset
529 3879 672 3953 poenas,¹
684 3858 784 3930 etiam
796 3860 831 3931 in
848 3861 1057 3937 haereticosa
1071 3858 1259 3934 canonibus
1276 3856 1436 3948 inflictae,
1457 3855 1693 3948 indictislite-

416 3954 467 4056 ris
483 3970 657 4049 contentas
671 3951 909 4050 damnabiliter.
927 3954 1105 4052 incidiffe:
1129 3955 1590 4052 civiatnsquoquemerras
1602 3977 1694 4041 ,ca-

412 4083 483 4119 l..

1006 4049 1087 4149 <23
1208 4134 1212 4141 ¹
1612 4047 1698 4140 stra,
1816 4066 1820 4072 ·
