4442 5150
877 564 884 579 ,
1000 623 1149 722 (τις)

926 804 1018 891 No,
1034 805 1161 892 XIX.

584 945 903 1060 Theologorum
935 946 1532 1076 ARGENTINENSIUM

716 1059 1225 1288 Johanneraffliiffliilrimaffl.
1263 1177 1384 1283 1526.

498 1326 637 1401 Ratiam
661 1326 805 1397 Domini
825 1324 929 1398 nostri
945 1322 1024 1416 Jelu
1047 1322 1180 1396 Christi
1196 1326 1395 1425 agnoscere,
1419 1343 1579 1423 optamus
1605 1329 1684 1423 tibi,

520 1419 710 1521 Magnifice
734 1421 860 1510 Faber,
884 1422 1054 1491 Dedimus
1065 1417 1106 1490 ad
1131 1440 1164 1490 te
1177 1421 1321 1494 XXlll.
1350 1421 1583 1517 Majiliteras,
1607 1426 1684 1499 red·

411 1520 496 1592 diras
520 1544 589 1590 non
601 1516 820 1603 dubitamus,
843 1515 972 1609 quibus
983 1515 1158 1586 oravimus
1177 1535 1226 1602 te,
1248 1515 1474 1613 obtestarique
1488 1519 1622 1608 sumus,
1645 1542 1685 1597 ut

461 1611 594 1710 stquam
608 1613 679 1683 illic
695 1616 931 1708 depugnatum
952 1608 1051 1681 vobis
1062 1607 1160 1695 effer,
1182 1610 1252 1682 huc
1263 1635 1343 1684 cum
1356 1611 1424 1684 tuis
1438 1616 1684 1689 commilitoni·

411 1640 501 1793 biis,
531 1710 568 1782 &
585 1732 666 1797 nos,
699 1729 849 1800 quorum
875 1704 979 1777 fidem
998 1705 1087 1776 haud
1106 1709 1240 1802 ignoras
1258 1706 1339 1793 elle,
1359 1731 1463 1803 quam
1484 1711 1517 1781 in
1543 1715 1684 1786 Lurhero
1706 1705 1710 1712 ’

412 1806 450 1879 &
469 1811 635 1905 Zwr'nglio
653 1802 752 1875 editis
779 1800 902 1873 libellis
915 1797 1211 1894 pestilentissimam
1233 1800 1371 1875 haerelin
1385 1801 1542 1894 infamas,
1561 1811 1685 1884 erroris

411 1899 652 1987 convieturus,
677 1898 862 1969 advolares.
911 1894 1096 1990 Nonquia
1114 1895 1147 1966 id
1167 1895 1259 1992 polle
1276 1917 1309 1970 te
1325 1897 1583 1993 arbitraremur,
1604 1926 1683 1978 nam

410 1998 557 2087 lcimus,
578 1995 636 2069 cui
656 1994 878 2080 credidimus,
900 1991 937 2064 &
958 1989 1050 2062 aliud
1071 1989 1309 2090 Euangeliou,
1331 2017 1373 2066 ne
1388 1992 1432 2064 ab
1450 1997 1586 2094 Angelo
1630 1999 1684 2072 ui.

412 2092 508 2180 dem,
533 2083 658 2165 nedum
680 2090 813 2174 Fabro,
834 2087 959 2176 Eccio,
985 2087 1173 2176 Mumero,
1193 2087 1469 2163 acistiusfarinae
1482 2022 1683 2169 hominibus

413 2189 620 2260 audiendum
629 2215 640 2277 3
662 2185 727 2257 Sed
740 2204 779 2256 ut
791 2205 958 2279 quantum
974 2184 1014 2253 ad
1027 2205 1090 2253 nos
1104 2181 1235 2270 attinet,
1258 2167 1389 2256 causam
1402 2185 1599 2277 insultandi,
1613 2215 1685 2263 non

417 2281 497 2353 dico
509 2281 624 2374 nobis,
651 2281 712 2377 qui
730 2277 792 2353 tibi
809 2277 904 2349 omni
928 2276 1168 2375 rejeelamenro
1187 2278 1339 2367 viliores,
1364 2282 1684 2375 quamlaudatielse

416 2378 607 2466 malumus,
629 2400 749 2451 verum
763 2373 893 2447 invisio
905 2375 942 2446 ὅ(
955 2370 1284 2446 ranuiffimoverbo
1296 2374 1484 2471 Dei,quod
1502 2378 1684 2454 certiffime
1772 2376 1775 2381 ’

414 2474 659 2580 praedicamus,
672 2492 937 2565 amputaremus.
971 2469 1107 2540 Etenim
1122 2467 1316 2566 plusquam
1330 2470 1683 2570 gloriolejaelallite,

413 2592 449 2641 in
466 2568 664 2655 Dachstein,
685 2591 773 2638 anno
786 2565 972 2662 superiori,
994 2566 1157 2661 praelenre
1169 2565 1344 2661 Episcopo
1354 2568 1684 2666 Argentoratenli,li

414 2666 522 2736 modo
535 2663 713 2736 nobiscum
726 2662 888 2761 congredi
899 2666 1058 2747 daretur,
1082 2684 1121 2731 os
1150 2660 1251 2732 nobis
1265 2663 1408 2734 minimo
1423 2666 1567 2761 negocio
1579 2670 1684 2739 obtu-

416 2778 585 2831 raturum.
629 2760 722 2829 ldem
742 2778 954 2853 paucosante
971 2754 1099 2828 menses
1120 2754 1558 2855 Augustaequoqueausus
1571 2760 1680 2851 fuisti,

415 2852 495 2926 licet
507 2873 632 2949 praeter
641 2852 853 2952 gloriationes
866 2850 1042 2941 illas,nihil
1055 2849 1186 2922 interim
1200 2847 1302 2921 abste
1316 2849 1567 2948 lastuns,quod
1581 2856 1682 2929 talem

416 2948 478 3021 tibi
489 2949 554 3022 elle
568 2950 742 3034 animum,
767 2950 929 3044 cuiquam
945 2947 1048 3023 fidem
1064 2949 1202 3036 laceret,
1220 2943 1456 3021 resciverimus
1473 3005 1483 3038 ,
1505 2952 1633 3024 tametsi
1648 2954 1684 3026 iu

417 3044 635 3135 Dachstein,
660 3045 799 3118 illustris
827 3045 987 3141 Princeps
1018 3044 1224 3212 Georgius,
1248 3040 1336 3116 Dux
1363 3043 1618 3122 brunsvicensis
1646 3049 1685 3126 δε
1784 3079 1787 3088 ’

416 3144 598 3238 generosus
615 3143 745 3216 Comes
770 3142 976 3213 Ludovicus
989 3140 1033 3213 ab
1050 3141 1114 3215 Ηο
1140 3140 1255 3228 enloe,
1274 3141 1519 3215 clementiffimi
1539 3143 1686 3219 Domini

417 3238 540 3329 nostri,
561 3239 730 3337 Augustae
739 3236 825 3310 alius
843 3293 854 3324 ,
874 3239 935 3332 qur
951 3236 1002 3310 his
1008 3238 1086 3335 jure
1102 3238 1361 3325 adnumeratur,
1382 3237 1578 3330 affirmavit,
1601 3242 1686 3316 nibil

418 3351 452 3402 te
462 3335 517 3406 vel
534 3336 567 3406 in
578 3334 901 3432 gravisfimo,atque
912 3332 1101 3426 aequiffimo
1109 3336 1233 3406 Senatu
1247 3334 1375 3422 nostro,
1383 3336 1436 3406 vel
1449 3337 1482 3407 in
1491 3334 1589 3407 nobis
1602 3336 1686 3407 dest·

419 3425 633 3518 deraturum,
655 3454 728 3525 quo
746 3429 860 3500 minus
874 3428 1058 3500 commodi:
1071 3427 1269 3517 nobiscum,
1291 3449 1394 3523 atque
1407 3428 1688 3500 decontroverfis

418 3521 465 3592 do
491 3525 618 3598 matisa
645 3549 699 3598 ere
719 3524 827 3622 polles
852 3524 1036 3596 liberrime.
1087 3524 1220 3596 Adhaec
1231 3546 1341 3627 nuper
1359 3546 1419 3619 per
1440 3521 1572 3593 libellos
1592 3541 1687 3613 tuos,

419 3547 707 3708 nobisomnibus‚
728 3623 785 3717 qui
802 3644 861 3717 per
882 3621 1101 3693 Germaniam
1121 3619 1336 3714 Euangeliou
1351 3615 1445 3713 regni
1459 3615 1687 3712 praedicamus

422 3714 476 3810 (tu
490 3738 550 3786 nos
567 3718 797 3789 Lutbernnam
819 3741 918 3788 vocas
928 3802 931 3805 Α
941 3714 1140 3804 stelionem)
1162 3734 1322 3808 tanquam
1335 3710 1475 3784 deviblo
1486 3712 1550 3783 'am
1565 3713 1689 3787 zoin·

420 3806 509 3905 glo,
533 3813 678 3885 mirifice
695 3814 851 3901 insultas,
873 3838 912 3884 ac
931 3812 1001 3882 vim
1022 3830 1114 3883 tuam
1131 3806 1332 3881 intolerabili
1346 3807 1477 3904 luperci
1493 3809 1527 3881 io
1542 3811 1690 3886 minaris.

419 3904 505 4071 p'ei
534 3905 624 3998 itur,
646 3910 728 3981 dum
748 3915 861 3983 lumos
882 3909 985 3997 illos,
1007 3908 1084 4003 quis
1095 3908 1185 3976 enim
1203 3905 1269 4001 jam
1287 3904 1421 4003 ignoret
1432 3906 1626 4005 ingenium,
1650 3932 1691 3981 ac

437 3928 668 4100 upefieclilem
685 4006 805 4096 Fabri,
827 4007 958 4080 fortiter
984 4024 1200 4173 copremnere
1218 4023 1414 4101 pergimus,
1443 4001 1692 4080 infirmioribus

1078 4122 1100 4172 2
1619 4121 1690 4171 ma·
