4442 5150
497 619 568 688 262
686 600 1071 681 HISTORIA
1115 595 1561 677 EVANGEL'II
1641 602 1811 706 ΛΑΜ

498 793 528 837 ,,
546 741 596 814 lio
631 737 828 836 praesertim
856 757 970 810 totam
996 732 1166 807 sentinam
1193 731 1468 806 abominationis
1495 733 1704 812 Pontificiae
1728 763 1809 813 mo·

498 855 528 933 ,·,
546 859 642 927 tam,
677 860 732 908 me
758 835 881 908 inscio.
925 835 1023 906 Nam
1053 830 1281 926 posteaquam
1309 829 1471 904 rescirem
1493 834 1690 929 exploratis
1706 839 1810 912 audi·

499 964 527 1030 ,·,
547 957 666 1007 torum
692 935 838 1024 animis,
873 927 978 1004 facile
1004 927 1260 1020 animadverti,
1293 926 1338 1000 ed
1367 929 1440 1000 loci
1466 954 1531 1003 nos
1553 931 1741 1028 redactos,
1767 953 1815 1010 ut

500 1085 529 1127 „
546 1029 683 1105 necesse
707 1029 823 1122 esset,
863 1050 924 1101 aut
951 1027 1121 1124 progredi
1149 1025 1319 1117 sortiter,
1362 1029 1523 1122 quamvis
1547 1030 1688 1104 exitum
1715 1056 1814 1128 prae·

499 1144 526 1224 ,·,
546 1130 667 1203 videre
702 1151 775 1200 non
810 1128 1027 1228 potuimus,
1068 1143 1130 1195 aut
1160 1121 1290 1197 referre
1314 1121 1464 1220 gradum
1491 1151 1566 1198 non
1590 1127 1662 1200 fine
1684 1129 1812 1227 dejec-

499 1230 526 1322 ,',
546 1228 645 1301 tione
670 1227 835 1323 piorum,
862 1221 1099 1320 quigfrigent,
1124 1223 1185 1316 qui
1204 1244 1418 1315 enecantur,
1444 1222 1506 1296 ubi
1525 1247 1589 1297 nos
1606 1225 1717 1299 duces
1734 1229 1812 1302 lan·

498 1377 528 1419 „
546 1347 657 1421 guere
682 1322 858 1396 senserint.
901 1323 1016 1419 Perge
1039 1321 1152 1417 igitur
1170 1318 1275 1391 bonis
1293 1319 1472 1394 avibus&
1491 1321 1633 1421 auspice
1651 1323 1820 1403 Christo·

499 1475 527 1518 ,‚
546 1424 630 1497 Sine
647 1421 731 1494 Deo
749 1421 844 1494 enim
864 1421 1036 1514 praesente
1054 1417 1144 1489 nibil
1162 1418 1282 1488 moliri
1301 1421 1503 1514 continget.
1521 1471 1549 1513 ,‚

408 1510 420 1519 ⁶
546 1531 578 1607 §.
598 1520 766 1594 XCVII.
794 1517 851 1589 Ad
873 1515 1085 1614 vigefimum
1104 1514 1244 1588 sextum
1260 1515 1418 1607 Januarii
1436 1516 1533 1589 diem
1552 1519 1633 1591 anni
1651 1520 1814 1597 vicesimi

499 1620 640 1715 quarti,
667 1614 954 1690 LUCERNAE
972 1615 1044 1686 fuit
1062 1612 1319 1686 Helvetiorum
1337 1633 1537 1688 conventus
1555 1620 1628 1709 (alz
1656 1618 1715 1691 Ibi
1732 1619 1810 1697 sac-
1894 1660 1897 1665 ·

499 1736 576 1790 tum
603 1714 655 1788 est
680 1715 902 1804 Decretum,
944 1713 1053 1806 „Ne
1077 1714 1157 1806 quis
1178 1711 1327 1782 verbum
1350 1711 1445 1804 Dei,
1471 1715 1570 1810 quod
1589 1714 1693 1812 supra
1710 1720 1812 1794 mille

498 1814 823 1910 „quadringentos
847 1835 957 1883 annos
984 1833 1081 1881 nunc
1102 1809 1357 1881 denunciatum
1378 1807 1442 1900 fit,
1468 1834 1558 1883 neve
1576 1811 1747 1910 Missam,
1772 1819 1812 1890 in

497 1963 526 2005 „
544 1936 613 2007 qua
632 1934 763 2005 corpus
783 1907 918 1981 Christi
938 1907 1164 1979 consecratur
1180 1905 1223 1978 ad
1241 1906 1351 2002 ipsius
1369 1908 1566 2000 honorem,
1591 1910 1812 1988 &vivorum

498 2061 526 2102 ,‚
545 2025 898 2103 atque'mortuotum
920 2005 1095 2096 solamen,
1121 2003 1278 2076 derideat
1295 2025 1354 2076 aur
1374 2026 1604 2079 contemnat:
1631 2010 1694 2105 qui
1715 2010 1812 2085 Coe·

496 2158 525 2200 ‚‚
544 2129 623 2176 nam
652 2105 805 2176 Domini
832 2127 896 2200 per
910 2121 1056 2174 aetatem
1077 2103 1305 2197 percipiunt,
1332 2101 1558 2194 deliciatur,
1585 2107 1814 2204 quadragesi·

498 2256 526 2298 ‚,
543 2205 614 2275 mae
641 2224 829 2296 tempore,
870 2200 1042 2273 sacerdoti
1073 2200 1128 2270 bis
1152 2198 1420 2293 confiteantur,
1465 2201 1502 2276 &
1529 2203 1665 2300 reliqua
1689 2207 1815 2281 omnia

496 2355 525 2398 „
544 2324 645 2373 more
670 2299 840 2373 consueto
859 2298 1010 2374 saciant:
1051 2296 1224 2370 Eccleliae
1244 2300 1332 2370 ritus
1349 2323 1472 2372 omnes
1491 2320 1599 2396 atque
1617 2303 1811 2378 consuetu·

470 2434 474 2442 ’
497 2410 528 2494 ,,’
544 2399 642 2472 dines
667 2398 869 2472 serventur:
907 2400 983 2471 Suo
999 2397 1148 2492 quisque
1166 2396 1298 2493 pastori
1317 2417 1461 2491 pateat,
1486 2399 1531 2470 ab
1549 2395 1666 2496 etique
1684 2403 1812 2477 Sacra·

393 2587 396 2593 ι
493 2550 520 2593 ,,
540 2516 659 2570 menta
684 2499 882 2596 percipiat,
907 2499 960 2569 uti
980 2493 1058 2568 fieri
1078 2494 1255 2586 solet‚'&
1275 2518 1378 2591 quam
1399 2496 1507 2569 debet
1525 2520 1677 2572 annuam
1694 2501 1727 2572 ci
1746 2523 1815 2599 pe·

496 2649 523 2692 „
544 2600 713 2688 cuniam,
738 2595 947 2767 persolvat:
994 2593 1249 2667 Sacerdotibus
1275 2594 1487 2666 exhibeatur
1513 2597 1650 2671 honos:
1686 2598 1816 2675 diebus

497 2748 525 2791 ‚‚
544 2697 665 2770 vetitis
689 2696 733 2769 ab
768 2696 905 2768 ineatur
929 2693 972 2766 ab
996 2690 1054 2766 esu
1078 2694 1260 2785 carnium,
1287 2692 1323 2764 &
1343 2715 1406 2787 per
1422 2692 1702 2791 quadragefimae
1720 2718 1816 2773 tem·

408 2835 411 2847 ·
496 2847 524 2889 „
544 2819 632 2893 pus,
667 2794 710 2867 ab
737 2798 815 2867 ovis
841 2795 948 2865 etiam
974 2812 1080 2884 atque
1107 2790 1227 2862 caseo:
1265 2790 1420 2861 Lutheri
1448 2791 1538 2863 nihil
1562 2796 1730 2889 privatim
1749 2816 1814 2872 aut

497 2942 526 2987 „
545 2891 693 2989 publice
715 2893 888 2965 doceatur
904 2890 1064 2962 adversus
1085 2910 1270 2982 receptum
1292 2886 1464 2959 Ecclesiae
1484 2913 1642 2964 morem:
1670 2895 1707 2963 in
1725 2918 1816 2967 cau·

497 2982 525 3082 ‚',
543 2994 647 3086 ponis
674 3010 781 3084 atque
808 2988 985 3068 conuiuiis
1015 2986 1169 3057 Lutheri
1197 2985 1254 3056 vel
1280 3008 1386 3056 novae
1414 2989 1613 3084 cujuspiam
1636 2986 1816 3069 doelrinae.

389 3092 391 3095 ⁴
498 3088 642 3181 „nulla
669 3086 731 3158 fiat
759 3087 916 3158 mentio:
953 3086 1120 3155 divorum
1149 3084 1445 3179 imaginesatque
1464 3082 1588 3158 statuae
1608 3085 1674 3161 fint
1692 3088 1813 3166 ubivis

499 3237 528 3279 „
547 3185 752 3275 inviolatae,
786 3182 936 3255 ministri
967 3180 1140 3255 Ecclesrae
1168 3183 1342 3252 rationem
1370 3185 1440 3255 suae
1467 3183 1640 3257 ducitinae
1667 3189 1814 3263 reddere

498 3337 525 3378 „
545 3308 617 3355 non
644 3302 854 3373 teneantur,
880 3280 944 3352 nist
964 3277 1194 3375 Magistratui
1215 3272 1378 3351 tantum:
1407 3282 1519 3352 tutela
1536 3283 1725 3379 praestetur
1744 3286 1813 3362 illis

498 3438 526 3478 ‚‚
546 3402 654 3481 atque
672 3381 936 3479 patrocinium,
958 3378 981 3451 st
1002 3384 1079 3476 quis
1098 3376 1194 3451 forte
1213 3397 1333 3449 motus
1353 3380 1515 3474 ingruat:
1537 3379 1811 3481 quisandiiSpi·

497 3534 524 3576 „
545 3483 655 3573 ritus,
682 3481 814 3553 Mariae
832 3480 1003 3577 virginis,
1029 3477 1104 3547 divi
1128 3477 1278 3547 Antonii
1299 3476 1558 3550 circumferunt
1578 3482 1765 3577 reliquias,
1792 3479 1814 3560 i

497 3584 686 3671 „nemine
709 3580 910 3652 rideantur:
940 3601 1022 3672 quas
1042 3572 1322 3647 Constantiensts
1341 3574 1542 3670 Episcopus
1561 3579 1648 3653 tulit
1666 3579 1711 3652 de
1729 3582 1813 3655 reli·
1909 3630 1914 3638 ·

497 3729 524 3770 „
573 3679 653 3747 ione
671 3678 788 3771 leges,
814 3700 865 3748 eae
885 3675 1086 3747 serventur:
1114 3674 1175 3766 qui
1195 3673 1378 3745 decretum
1400 3674 1469 3743 hoc
1489 3676 1679 3770 violarint,
1696 3681 1814 3777 magi·-

497 3827 525 3874 ,7
544 3699 667 3941 iiratufii
696 3774 922 3868 deferantur,
958 3773 995 3848 &
1025 3770 1092 3845 fint
1109 3770 1246 3867 ubique
1264 3790 1430 3866 tanquam
1451 3771 1666 3869 iuspedlores
1684 3800 1813 3853 eorum

495 3925 523 3968 „
544 3896 625 3962 quae
672 3893 748 3942 unt.
767 3924 794 3957 „

545 3968 963 4062 BERNENSES,
1005 3966 1100 4066 apud
1121 3962 1226 4064 ¹quos
1257 3986 1408 4066 propter
1435 3970 1637 4043 animorum
1662 3969 1810 4044 divisio·

496 4093 602 4162 nem,
629 4067 727 4141 lento
744 4068 861 4170 gradu
878 4067 1096 4167 procedebat
1113 4064 1399 4142 Reformationis
1417 4071 1631 4169 negotium,
1657 4070 1728 4143 boc
1747 4093 1811 4141 eo·

535 4280 584 4362 ta
609 4279 671 4344 vu.
696 4273 926 4346 sternam.
950 4231 1356 4362 un.1v.r01.„.„'
1725 4166 1814 4246 ‘¹⁰¹⁰
