4442 5150
1037 461 1156 565 (54)

451 608 627 686 rendentes
640 599 815 701 spiritibus
826 596 966 690 erroris,
990 598 1205 674 &destrinis
1221 597 1494 687 demoniorum,
1521 597 1560 672 in
1585 596 1752 696 hypocrisi

454 703 675 799 loquentium
711 696 946 788 mendatium,
977 696 1014 771 ἃ
1047 694 1307 793 prohibentium
1336 693 1550 769 contrahere
1578 696 1750 769 matrimo-

455 800 566 873 nium.

635 961 638 967 .
795 884 987 981 Sequentia.
1734 951 1738 956 .

385 1053 388 1062 .
506 988 606 1061 Deus
627 987 660 1058 in
681 1005 739 1058 tua
763 984 890 1055 virtute
916 981 1065 1055 Andreas
1084 978 1341 1056 Carolostadius
1360 979 1518 1081 gaudet,
1547 980 1590 1060 &
1614 982 1743 1057 laetatur

458 1080 808 1177 thalamocopttlsrus.

508 1176 652 1249 Piscatio
668 1169 827 1268 Episcopi
840 1170 908 1268 ipse
922 1172 1070 1267 primurn
1083 1170 1194 1246 sacius
1207 1170 1348 1267 piscator
1360 1173 1408 1244 est
1421 1196 1601 1247 uxorum.

509 1270 703 1345 Sacerdotes
728 1266 939 1338 Pomosatras
951 1268 1011 1339 diu
1029 1268 1068 1339 ad
1083 1291 1237 1340 normam
1258 1266 1393 1339 reduxit
1406 1268 1640 1341 matrimonii·

509 1367 542 1438 Is
554 1365 748 1464 legibusjus
768 1362 966 1433 Romanum
992 1362 1059 1434 tuis
1073 1362 1168 1434 Deus
1183 1361 1295 1434 vidior
1307 1360 1488 1436 strennuus
1507 1362 1724 1461 subjugavit

510 1460 704 1532 Consilium
732 1454 833 1528 Pauli
856 1455 905 1528 tui
924 1456 1063 1551 sequens
1085 1458 1205 1553 &jam
1228 1456 1358 1529 bonum
1378 1454 1410 1529 se
1428 1459 1610 1533 ostentans
1626 1458 1746 1555 conju·

491 1578 556 1626 em.

464 1579 723 1818 jhdirarptibus
746 1643 929 1742 invitisque
944 1644 1084 1742 Papistis
1101 1668 1246 1720 uxorem
1274 1644 1449 1743 quaefitam
1473 1646 1617 1724 aedibus
1642 1671 1746 1748 nuper

481 1767 532 1818 urs
544 1764 616 1816 mro
633 1765 668 1815 rt.

513 1843 631 1935 Atque
642 1860 766 1934 magno
778 1833 899 1916 decore
911 1835 1061 1910 sacerdos
1072 1835 1235 1932 inscripsit
1247 1833 1585 1935 titulosconjugatus
1596 1839 1747 1916 domine.

513 1934 618 2006 Illum
632 1932 844 2008 Sacerdotem
859 1954 937 2003 vere
948 1951 1047 2004 tuum
1060 1931 1242 2006 credimus.
1774 1935 1780 1955 ⁸

467 2028 597 2103 Christi
613 2026 675 2100 filii
689 2026 739 2098 tui
752 2043 854 2118 atque
874 2025 1106 2101 fraterculum.

519 2124 596 2193 Nos
609 2146 693 2219 ergo
705 2117 903 2191 concubinis
914 2121 1036 2193 nostris
1046 2120 1177 2219 gravati
1196 2141 1228 2195 te
1244 2120 1339 2196 Deus
1352 2119 1538 2220 poscimus.

515 2216 569 2288 Ut
582 2217 673 2289 iilius
685 2216 743 2309 qui
758 2232 866 2309 patres
881 2214 1013 2287 nostros
1029 2217 1172 2290 sedatus
1184 2218 1340 2313 antiquos
1353 2217 1415 2292 tibi
1429 2218 1554 2314 placet.

481 2349 488 2358 ·
514 2312 596 2387 Nos
608 2311 792 2386 imitatione
801 2311 1007 2406 gaudeamus
1023 2311 1058 2384 in
1083 2332 1261 2385 aeternum.

873 2500 1103 2604 Euangelium
1118 2502 1303 2585 secundum
1318 2504 1446 2578 Mathe.

517 2598 557 2668 sn
570 2599 629 2672 illo
644 2619 811 2693 tempore,
834 2598 1038 2673 accesserunt
1054 2603 1095 2673 ad
1122 2597 1230 2688 Iesum
1251 2602 1408 2675 Pharisaei
1425 2616 1594 2676 tentantes
1610 2603 1747 2679 eum&

469 2695 630 2767 dicentes:
680 2695 713 2766 Si
741 2693 818 2765 licet
854 2694 981 2764 homini
1005 2696 1171 2766 dimittere
1194 2718 1336 2769 ttxorent
1355 2695 1445 2767 suam
1466 2717 1683 2796 quacunque
1706 2705 1746 2772 de

469 2785 587 2860 causa?
608 2788 669 2883 qui
690 2785 889 2882 respondens
912 2789 999 2859 dixit
1022 2788 1079 2859 eis.
1122 2788 1208 2862 Non
1231 2789 1376 2958 lepidis,
1400 2789 1481 2885 quia
1505 2793 1568 2886 qui
1588 2793 1672 2867 secit
1686 2797 1747 2866 ho·

354 2923 357 2930 ·
469 2883 596 2954 minem
614 2883 657 2955 ab
680 2881 774 2953 initio
794 2880 1038 2956 masculum&
1063 2881 1233 2955 faeminam
1268 2887 1333 2959 ecit
1348 2907 1425 2970 eos,
1451 2885 1606 2959 &dixin
1661 2891 1745 2962 Pro·

471 2997 546 3073 pter
567 2976 633 3048 hoc
651 2976 796 3049 dimittet
817 2977 923 3048 homo
945 2997 1070 3073 patrem
1084 2978 1121 3050 ὃ(
1142 2999 1283 3051 matrem
1298 2982 1334 3054 ὃ(
1352 2978 1523 3052 adherebit
1536 2983 1641 3053 uxori
1657 2984 1746 3076 suae,

472 3074 509 3146 ὅ(
521 3092 619 3143 erunt
636 3071 708 3143 duo
725 3069 760 3141 in
776 3095 875 3144 carne
898 3097 981 3162 una,
1006 3072 1121 3169 ltaque
1127 3073 1198 3169 jam
1211 3097 1280 3146 non
1294 3075 1368 3148 sunt
1380 3079 1474 3160 duo,
1498 3072 1551 3146 sed
1571 3100 1640 3149 una
1655 3103 1747 3155 cato.

472 3166 580 3260 Quod
599 3188 682 3263 ergo
700 3167 796 3240 Deus
816 3167 995 3262 conjunxit
1011 3167 1194 3239 homonon
1221 3166 1356 3264 separet.
1408 3167 1540 3241 Dicunt
1552 3170 1623 3260 iili,
1646 3173 1746 3264 Quid

472 3285 556 3359 ergo
571 3258 708 3355 Moyses
725 3260 895 3334 mandavit
919 3261 990 3334 dari
1012 3260 1165 3334 libclsum
1184 3265 1315 3359 repudii
1333 3265 1368 3336 ὅ(
1381 3263 1567 3337 dimittere?
1590 3269 1637 3339 ait
1664 3270 1748 3360 illis,

405 3427 411 3434 ,
474 3356 650 3450 Quoniam
670 3354 808 3452 Moyses
821 3357 861 3428 ad
876 3357 1037 3430 duritiam
1049 3355 1160 3430 cordis
1177 3359 1278 3430 vestri
1297 3358 1443 3454 permisit
1454 3358 1550 3429 vobis
1572 3361 1749 3442 dimittere

473 3475 599 3524 uxores
616 3451 754 3539 vestras,
775 3449 818 3520 ab
847 3452 940 3522 initio
961 3472 1073 3524 autem
1098 3475 1167 3524 non
1196 3453 1260 3524 suit
1278 3454 1335 3526 stc.
1386 3452 1477 3523 Dico
1494 3472 1607 3528 autem
1629 3459 1757 3554 vobis,-

474 3547 554 3642 quia
577 3547 775 3642 quicunque
799 3545 959 3617 dimiserit
987 3569 1130 3617 uxorem
1156 3546 1246 3620 suam
1269 3548 1330 3621 nisi
1352 3544 1400 3619 ob
1422 3547 1681 3626 fornicationem
1708 3557 1747 3632 dt

473 3642 568 3714 aliam
582 3643 736 3729 duxerit,
761 3640 949 3728 mechatur,
970 3641 1006 3711 ὃ(
1029 3639 1090 3733 qui
1107 3641 1272 3714 dimissam
1289 3643 1426 3716 duxerit
1439 3643 1628 3718 mechatur.
1680 3648 1751 3724 Di.

475 3754 557 3805 cunt
573 3735 602 3805 ei
619 3735 775 3833 discipuli
794 3736 886 3832 ejus,
909 3735 931 3808 st
955 3733 998 3807 ita
1018 3734 1066 3806 est
1083 3735 1181 3810 causa
1196 3738 1339 3812 hominis
1355 3761 1434 3810 cum
1454 3760 1582 3829 uxore,
1603 3767 1677 3818 non
1688 3769 1754 3822 ex.

476 3828 568 3925 pedit
585 3829 722 3901 nubere.
772 3828 846 3921 Qri
870 3830 958 3903 dixit
980 3829 1066 3920 iilis,
1089 3854 1158 3901 non
1174 3856 1291 3905 omnes
1310 3834 1447 3930 capiunt
1465 3833 1610 3909 verbum
1631 3840 1750 3938 istud,

476 3923 532 3998 sed
547 3920 674 4022 quibus
685 3923 805 3998 darum
817 3927 876 4000 est.
896 3927 1080 4003 Suntenim
1088 3925 1250 4001 Eunuchi
1262 3931 1323 4027 qui
1334 3929 1376 4004 de
1388 3929 1503 4003 matris
1516 3949 1613 4007 utero
1621 3935 1669 4010 fic
1681 3960 1752 4013 nan

1663 4032 1755 4110 sunt.
