4442 5150
487 582 555 673 ,2⁶
677 552 1544 642 ursronrauvarvosstrt
1629 562 1801 664 arne.

487 724 609 801 „quo
635 719 834 810 paucorum
859 693 1049 804 bominum
1073 687 1172 801 dopo
1197 711 1240 761 ac
1254 690 1370 787 gratia
1375 740 1412 858 pu
1415 688 1481 860 {2¹:1¹
1499 689 1561 764 illa
1579 691 1798 816 Chrisiianae

373 831 392 864 '
485 791 1802 997 1:saisitis{litbssttssssssasissstn‘'lslfflsrn

490 1042 518 1086 „
537 993 755 1090 privatisque
782 987 938 1098 negotiis
957 1003 1085 1082 potus,
1109 1004 1342 1079 magnacum
1356 983 1588 1078 jucunditate
1604 988 1658 1061 bis
1677 990 1804 1071 studiis

489 1139 519 1182 „
536 1091 669 1178 tribui,
703 1109 785 1182 quae
811 1108 849 1157 sn
867 1102 966 1155 tanta
983 1077 1225 1153 doctrinarum
1244 1079 1478 1154 humanarum
1496 1082 1604 1157 turba
1620 1110 1663 1159 ac
1681 1092 1803 1166 collu-

420 1232 428 1246 .
488 1238 517 1278 „
535 1188 612 1279 vie,
638 1208 755 1257 rerum
773 1181 866 1269 mihi
880 1178 1082 1250 divinarum
1099 1175 1301 1250 uberiorem
1320 1178 1570 1276 cognitionem
1586 1180 1736 1284 afferre,
1763 1192 1803 1268 dt

490 1333 518 1376 „
536 1281 678 1356 firmare
703 1277 979 1366 conscientiam,
1008 1272 1151 1368 insuper
1175 1274 1393 1348 &normam
1413 1278 1555 1372 pietatis
1573 1303 1682 1378 quam
1700 1305 1801 1363 tene·

489 1432 518 1473 ‚,
538 1405 612 1453 rem
632 1381 669 1454 &
687 1378 871 1475 sequerer,
896 1371 1091 1445 monstrare
1107 1371 1145 1445 δε
1164 1370 1393 1469 praescribere
1410 1373 1562 1469 possent.
1603 1378 1691 1474 Qua
1706 1384 1745 1457 in
1762 1409 1802 1461 re

489 1477 672 1572 „benene
696 1501 738 1548 an
765 1475 886 1563 secus,
919 1469 1009 1543 illud
1035 1470 1209 1567 quicquid
1231 1468 1302 1543 fuit
1320 1471 1386 1543 otii
1405 1471 1587 1567 locatum,
1612 1501 1686 1553 non
1703 1480 1802 1555 aesti·

488 1625 517 1668 „
534 1596 688 1648 mamus.¹
724 1572 867 1645 Gratias
884 1588 1004 1642 autem
1023 1590 1092 1662 ago
1111 1567 1299 1660 Domino,
1323 1568 1421 1665 quod
1438 1593 1514 1643 eam
1534 1573 1625 1647 mihi
1642 1597 1803 1659 mentem

490 1723 519 1766 „
537 1675 703 1765 donarit,
734 1694 804 1767 qua
829 1666 920 1740 nulli
945 1665 996 1739 rei
1013 1664 1167 1761 amplius
1184 1688 1290 1761 quam
1310 1666 1468 1761 publicae
1486 1670 1614 1765 pietati
1633 1674 1803 1752 &verbo

489 1770 710 1863 „doiitinae
737 1771 815 1866 ejus
839 1786 998 1853 aeterno,
1033 1759 1235 1834 consultum
1253 1761 1322 1835 effe
1340 1766 1508 1860 cupiam:
1527 1819 1556 1859 „
1590 1768 1663 1844 Sed
1681 1772 1720 1849 ἃ
1736 1799 1803 1850 ex.

489 1885 567 1941 tant
594 1867 747 1940 Vadiani
774 1862 884 1936 nostri
909 1860 1145 1932 Meletemata
1159 1883 1220 1954 pro
1236 1867 1383 1934 veritate
1400 1870 1532 1956 carnis,
1558 1872 1803 1965 triumphantis

490 1964 639 2058 Christi,
665 1965 826 2056 itemque
849 1956 1012 2054 Epistola
1031 1956 1072 2029 ad
1097 1956 1183 2048 Joh.
1202 1956 1408 2031 Zwiccium
1427 1959 1602 2034 Ecclefiae
1620 1966 1802 2044 Constan-

489 2059 610 2134 tienfis
630 2059 832 2148 Pastorem,
850 2058 887 2128 in
905 2081 970 2152 qua
982 2053 1053 2149 post
1069 2058 1252 2147 explicatas
1268 2061 1306 2135 in
1319 2057 1450 2149 Christo
1467 2076 1609 2135 naturas
1625 2065 1803 2163 diverfirs,

488 2160 533 2241 {9³
552 2157 725 2254 personam
749 2183 790 2230 ex
815 2157 954 2248 diverfir
970 2159 1104 2226 naturis
1120 2176 1241 2245 unam,
1266 2154 1386 2250 Jesum
1403 2157 1618 2232 Servatorenr
1634 2162 1803 2260 nmirum,

487 2260 547 2329 vel
567 2261 607 2327 in
628 2256 748 2328 Gloria
771 2278 887 2328 veram
904 2251 966 2346 effe
982 2267 1172 2324 oraturam
1188 2268 1259 2323 tum
1276 2254 1419 2327 oraculis
1425 2253 1676 2350 scripturarum
1682 2264 1803 2357 Jitcro·

478 2350 632 2447 sanliis,
664 2370 736 2426 tum
761 2357 977 2445 interpretum
1003 2350 1256 2422 orthodoxarum
1278 2355 1478 2427 auliorirate
1503 2354 1656 2452 docetur,
1682 2361 1727 2443 ὃ
1743 2364 1803 2436 ds·

487 2451 712 2547 monstratur,
748 2451 836 2522 item
863 2445 1025 2521 adversus
1042 2444 1149 2542 Casp.
1170 2446 1457 2521 Schwenkseldii
1475 2474 1656 2551 errorem,
1683 2481 1756 2557 quo
1773 2460 1804 2534 is

490 2549 660 2645 Christum
676 2554 712 2621 in
724 2553 834 2647 glorie
851 2551 993 2642 amplius
1010 2560 1200 2618 creaturam
1217 2543 1280 2639 effe
1297 2565 1501 2643 negaverat,
1526 2570 1635 2648 atque
1651 2556 1706 2629 illi
1720 2581 1803 2655 quae

392 2643 401 2652 ’
489 2645 659 2745 deinceps
674 2646 827 2721 invaluit
843 2645 937 2743 apud
956 2645 1091 2717 multos
1110 2642 1285 2715 Ecclefiae
1296 2644 1515 2720 Lutherauae
1528 2648 1709 2730 Dodores
1726 2656 1804 2731 seu·.

488 2748 636 2841 tentiae,
661 2746 707 2820 de
725 2745 1057 2820 communicatione
1075 2739 1288 2816 idiomatum
1306 2763 1414 2842 atque
1429 2742 1474 2817 de
1487 2750 1803 2846 corporisChristi
1866 2761 1872 2768 ‘

489 2842 715 2942 ubiquitate,
741 2840 957 2941 praeluserat.

528 2941 758 3034 'Enimverb,
776 2964 859 3014 cum
871 2940 951 3012 haec
961 2937 1003 3012 ad
1013 2934 1309 3032 serioraspettent
1318 2956 1501 3038 tempora,
1515 2961 1593 3017 tum
1604 2944 1641 3019 id
1652 2949 1802 3024 unicum

488 3037 531 3109 ad
552 3041 646 3112 hunc
664 3063 795 3111 annum
814 3036 974 3110 nostrum
991 3045 1093 3131 ¹52⁶·
1111 3033 1306 3108 observasse
1323 3034 1497 3132 sufficiat,
1517 3042 1611 3140 ipsos
1624 3047 1802 3121 San-Gal·

487 3137 588 3230 lenset
599 3136 750 3208 Vadiani
768 3132 954 3231 auspiciis,
973 3132 1143 3228 exemplo
1156 3133 1421 3229 Tigurinorum
1436 3141 1630 3232 animatos,
1649 3167 1723 3215 non
1732 3146 1803 3215 mi·

487 3258 554 3307 uus
570 3233 767 3308 concilium
785 3233 964 3329 quoddam
984 3232 1034 3326 (a)
1061 3229 1267 3326 religiosum
1287 3234 1381 3306 inter
1397 3237 1588 3326 concives,
1607 3240 1645 3310 ὃ(
1664 3239 1802 3313 vicina·

485 3356 566 3405 rum
585 3330 803 3429 quarundam
823 3333 1012 3429 regionum
1024 3329 1240 3425 Theologos
1260 3329 1466 3421 instituisse,
1485 3354 1529 3403 eo
1546 3354 1628 3404 cum
1647 3356 1804 3432 eventu,

486 3450 528 3502 ut
548 3430 676 3503 abinde
697 3431 872 3526 Imagines
886 3425 1064 3502 &eredas
1085 3426 1225 3499 Mensae
1244 3425 1411 3522 pretiosas
1426 3424 1497 3499 five
1510 3428 1652 3524 altaria,
1672 3434 1803 3510 tollere

485 3525 633 3623 publica
657 3526 871 3602 aubioritate
896 3525 1081 3622 jusserinte,
1118 3524 1189 3596 Sed
1212 3524 1250 3598 bt
1268 3522 1495 3597 instituerunt
1513 3547 1592 3599 tum
1612 3530 1801 3608 Consisto·

486 3626 577 3697 rium
608 3624 901 3699 Ecclefiasticum
929 3621 1034 3721 aeque
1059 3621 1101 3694 ad
1128 3621 1365 3694 decidendum
1389 3620 1504 3695 causas
1523 3630 1802 3706 matrimoniales

485 3742 592 3819 atque
618 3711 661 3794 ad
688 3720 1003 3797 administrandum
1030 3719 1256 3815 disciplinam
1285 3717 1597 3818 Ecclefiasiicam,
1632 3752 1738 3826 quem
1764 3731 1803 3803 in

485 3818 593 3892 finem
615 3843 758 3917 quoque
776 3821 856 3896 latis
874 3819 1014 3919 legibus
1031 3818 1132 3890 omni
1150 3815 1252 3888 luxui
1272 3814 1452 3911 ponebant
1470 3818 1635 3918 obicem,
1656 3829 1802 3909 ,omnia-¹

484 3939 555 4015 que
581 3917 612 3991 F
614 3915 683 3992 esta
709 3918 966 4019 supervacanea
986 3914 1191 3994 abolebant.
1234 3912 1337 3989 luter
1358 3938 1420 3990 eos
1436 3914 1546 4017 verb,
1572 3925 1635 4021 qui
1652 3923 1802 4000 Miffare

1720 4043 1801 4096 tum
1898 4089 1905 4106 ‚

485 4149 577 4300 Kssg
599 4147 663 4213 vid.
682 4143 905 4314 HgMAN
922 4143 996 4214 Res.
1016 4143 1144 4233 Sangal.
1160 4165 1230 4235 pag.
1239 4162 1313 4232 929.
1336 4146 1420 4232 apud
1433 4146 1683 4218 HOTTING.
1698 4151 1800 4219 Helv.

510 4281 526 4294 -·
585 4251 684 4319 vat·
770 4278 776 4290 ·
1200 4288 1206 4306 .
1286 4277 1289 4284 -
1430 4289 1435 4302 .
1795 4283 1799 4292 .
