4442 5150
450 647 522 752 37⁸
639 633 1510 719 nrsroutnuvrrvoetrt
1596 638 1769 743 ΛΑΜ,

449 831 478 873 ,,
497 773 671 852 illustrare
697 792 892 872 putantur,
923 770 1008 843 hinc
1026 767 1203 867 migrasse.
1245 768 1320 862 At,
1346 792 1458 867 quum
1476 768 1513 842 hi
1532 769 1632 844 nulla
1646 773 1769 863 exadli

452 928 481 972 „
499 874 709 974 tyrannide,
733 871 830 944 nulla
847 866 1034 966 profligati
1050 868 1245 960 violentia,
1270 867 1367 940 nulla
1380 867 1464 941 irati
1483 868 1774 969 inhumanitate,

453 1026 481 1069 ‚,
501 975 607 1048 nullis
624 969 743 1044 affedli
761 967 1011 1057 contumeliis,
1030 965 1116 1038 alibi
1134 989 1238 1063 agere
1256 966 1293 1037 in
1310 989 1385 1038 rem
1401 965 1497 1040 suam
1516 965 1594 1041 fore
1610 970 1773 1066 censent,

453 1124 481 1166 „
501 1074 587 1168 quid
615 1065 845 1144 faciendum?
876 1064 1012 1162 semper
1029 1064 1118 1137 boni
1137 1061 1352 1137 consulenda
1369 1063 1607 1139 ineluetabilis
1624 1068 1773 1145 necessi-

454 1222 484 1267 „
503 1192 576 1264 tas,
612 1165 690 1240 imb·
713 1191 797 1239 curn
826 1163 960 1262 gaudio
986 1160 1221 1257 amplexanda
1246 1159 1429 1236 felicitatis
1454 1165 1698 1262 quantulacun
1725 1192 1774 1244 ue

453 1267 667 1364 „occas10·,
702 1265 819 1338 Satius
837 1262 932 1334 enim
953 1259 1085 1352 fuerit,
1111 1278 1297 1357 expertem
1315 1258 1538 1356 factionum,
1563 1190 1774 1360 aliquandiu

453 1365 711 1465 „disertorum
740 1363 904 1434 virorum
932 1359 1133 1456 frequentia
1156 1357 1301 1432 destitui
1322 1359 1533 1452 civitatem,
1560 1384 1666 1458 quarn
1686 1387 1775 1441 cum

453 1463 665 1568 „uberiore
690 1461 834 1532 illorum
854 1478 1057 1554 proventu,
1083 1456 1258 1529 intestinis
1275 1455 1436 1530 laborare
1452 1454 1620 1553 dissidiis,
1645 1463 1775 1538 variis·

454 1614 483 1658 „
501 1587 571 1660 que
588 1557 824 1657 religionibus
844 1555 1002 1629 distrahi.
1044 1552 1176 1628 Valere
1193 1555 1308 1653 igitur
1324 1554 1407 1629 illos
1426 1553 1585 1639 linimus.
1619 1557 1774 1638 Interim

364 1703 365 1710 κ
454 1680 619 1756 „tamen
645 1656 789 1730 dabitur
815 1679 946 1752 opera,
979 1671 1022 1726 ut
1046 1653 1154 1726 etiam
1176 1650 1211 1724 id
1231 1652 1456 1727 incommodi
1473 1654 1704 1751 resarciatur,
1731 1661 1772 1737 dc

453 1754 727 1856 „gymnasium
754 1752 972 1827 instauretur
994 1751 1102 1824 etiam
1127 1750 1313 1849 aliquanto
1337 1751 1504 1826 felicius:
1540 1777 1694 1853 nempe,
1727 1778 1773 1833 ut

290 1880 297 1887 ·
454 1858 724 1954 „advocentur
750 1853 840 1942 viri,
876 1849 901 1921 sr
928 1871 1003 1921 non
1028 1871 1131 1946 aeque
1157 1849 1266 1944 clari,
1298 1868 1518 1925 nontamen
1534 1853 1654 1928 miuus
1671 1854 1774 1931 utili·

456 2006 485 2051 ,‚
505 1955 587 2027 tatis
606 1952 765 2048 publicae
784 1943 943 2020 studiosi.
960 1998 988 2039 „

503 2044 728 2141 Enimvero,
762 2069 846 2120 cum
872 2066 1003 2141 magna
1027 2043 1196 2144 deinceps
1221 2043 1332 2121 suerit
1358 2049 1503 2124 Simonis
1529 2046 1772 2130 GRYNAEI

454 2147 540 2224 Viri
576 2146 745 2234 rabiosam
778 2142 873 2244 apud
902 2140 1114 2217 Basilcenses
1140 2141 1361 2240 aneton-us,
1402 2165 1483 2221 tum
1509 2169 1585 2246 quo
1610 2147 1715 2247 pado
1741 2155 1776 2226 is

454 2266 548 2322 nutu
573 2263 681 2343 atque
705 2239 806 2317 suasu
822 2241 1101 2337 Oecolampadii
1120 2242 1367 2342 Heidelberga
1384 2243 1496 2320 fuerit
1511 2269 1705 2342 evocatus,
1729 2267 1775 2325 ut

454 2342 609 2445 quoque
626 2365 712 2417 cum
740 2339 947 2417 Sebastiano
974 2339 1168 2413 Munstero
1193 2340 1367 2416 Basileam
1386 2342 1620 2438 concesserit,
1648 2345 1776 2444 ibique

452 2465 567 2542 usque
590 2439 634 2515 ad
662 2440 709 2513 A.
732 2461 838 2539 1541.
864 2439 1053 2532 docuerit,
1087 2457 1197 2538 atque
1223 2441 1386 2516 virorum
1409 2442 1602 2520 dodorum
1619 2443 1774 2520 adauxe-

453 2543 504 2617 rit
539 2562 757 2633 numerum,
791 2536 1054 2639 pervidendum
1080 2536 1157 2611 est:
1201 2538 1292 2615 Erat
1319 2545 1405 2619 Sint.
1434 2545 1596 2638 Gryneus
1622 2543 1705 2619 inde
1727 2543 1779 2620 ab

454 2640 503 2715 Δ.
517 2660 622 2738 1523.
634 2636 827 2753 'l'lrofellor
846 2639 992 2713 Graecae
1012 2636 1172 2749 Linguae
1191 2638 1779 2761 inAcademiaxHeidelbergenfi,

453 2758 651 2912 illisit
669 2733 1189 2928 lllsslldtftslllll,
1206 2738 1449 2935 iltuit
1467 2741 1666 2933 {lulli
1685 2743 1774 2914 lli:

455 2936 525 3009 diis
541 2961 622 3032 quae
642 2934 732 3031 ipsi,
758 2934 843 3006 dum
863 2932 1042 3031 Spirenfia
1060 2930 1336 3008 celebrabantur
1353 2939 1524 3027 comitia,
1543 2938 1774 3011 intentaban-

454 3050 538 3124 tur,
566 3032 594 3103 fi
619 3055 692 3102 non
717 3030 761 3103 ab
788 3032 916 3201 anpclo
941 3032 1146 3125 monitore,
1179 3030 1301 3107 saltem
1327 3055 1392 3130 per
1413 3030 1626 3143 singularem
1644 3038 1772 3131 provi·

454 3130 614 3205 dentiam
638 3129 796 3202 divinam
839 3130 934 3204 uerit
959 3128 1217 3225 praeservatur,
1243 3133 1319 3229 jam
1346 3128 1495 3204 dnobrs
1516 3132 1554 3203 in
1576 3132 1647 3205 hoc
1666 3133 1774 3231 Ope·

453 3255 494 3305 re
513 3231 563 3325 (a)
583 3227 633 3301 est
653 3227 863 3302 indicatum.
901 3229 1016 3302 Hunc
1035 3248 1204 3327 tanquam
1222 3230 1357 3303 Virum
1376 3226 1561 3322 Dubium,
1589 3230 1626 3304 ὅ(
1647 3231 1770 3304 Evan-

419 3328 423 3335 ’
453 3329 555 3428 gelio
574 3324 780 3419 addidium,
805 3325 876 3400 uni
895 3352 978 3401 curn
999 3331 1074 3404 Seb.
1093 3329 1290 3424 Munstero,
1316 3330 1419 3426 cujus
1436 3328 1593 3401 eruditio
1610 3350 1717 3426 atque
1734 3332 1773 3404 in

453 3429 639 3503 literatura
657 3425 839 3501 Hebraica
855 3427 1002 3525 aliisque
1020 3426 1220 3527 disciplinis
1238 3424 1426 3527 praecipud
1444 3425 1621 3502 historicis
1640 3429 1773 3524 peritia

454 3527 662 3624 singularis,
694 3546 794 3600 erant
821 3525 1024 3619 notissima,
1058 3544 1101 3599 ut
1128 3550 1274 3625 quoque
1292 3527 1562 3601 Germanorum
1581 3529 1713 3603 Esdras
1730 3552 1773 3601 ac

454 3628 579 3701 Strabo
599 3628 626 3698 is
644 3626 907 3720 appellaretur,
931 3625 1058 3699 eodem
1079 3626 1151 3697 boc
1170 3649 1263 3698 anno
1284 3623 1348 3698 sibi
1368 3627 1563 3726 Collegam
1580 3627 1772 3725 expetebat

454 3725 493 3794 in
507 3722 567 3792 illa
581 3722 769 3795 dodorum
786 3724 946 3797 virorum
961 3724 1127 3822 penuria,
1144 3747 1227 3820 quae
1239 3723 1467 3817 Basileenses,
1486 3723 1772 3799 sadiaillaresor·

455 3819 635 3912 matione,
654 3821 1049 3920 premebat&amplius
1066 3822 1193 3893 minari
1212 3821 1423 3917 videbatur,
1444 3824 1776 3921 oecolampadius,

455 3938 563 4013 atquc
590 3940 672 3991 eum
699 3920 737 3992 in
762 3917 873 3995 finem
901 3922 994 4018 prid.
1022 3919 1106 3992 Kal.
1135 3919 1255 4017 April.
1281 3922 1328 3993 A.
1345 3946 1449 4019 ¹529·
1478 3947 1518 3995 ea
1536 3924 1581 3995 de
1600 3948 1637 3995 re
1656 3921 1771 4019 ipsum

456 4017 611 4092 comiter
636 4017 827 4109 monebat,
861 4043 1016 4115 eumque
1033 4044 1106 4105 non
1126 4016 1239 4091 modb
1257 4017 1301 4093 de
1320 4017 1443 4094 favore
1461 4046 1502 4095 ac
1522 4020 1775 4095 benevolentia

456 4115 607 4193 Senatus
634 4115 838 4192 Bafileenlis
865 4116 1064 4213 informat,
1101 4116 1161 4192 scd
1188 4119 1225 4194 &
1252 4116 1390 4196 disertis
1416 4119 1559 4218 verbis,
1586 4120 1630 4191 de
1648 4118 1774 4210 Jacoba'

1596 4213 1774 4305 ΜΕΥΕψΙ

495 4334 548 4416 (a)
570 4331 646 4400 vu.
671 4289 945 4413 §.Lxxxvu
968 4347 1040 4418 pag.
1056 4332 1132 4418 κισ,
1155 4344 1233 4415 221,
1339 4395 1342 4403 .
