4442 5150
489 630 566 743 2‘76
682 637 1554 719 HISTORIAEVANGELII
1634 586 1805 750 nasas:

492 829 521 870 „
539 771 695 874 conjed'ti
721 773 971 871 opprimantur
996 766 1100 841 simul
1126 768 1165 841 &
1189 770 1364 844 tollantur
1381 768 1401 842 ὲ
1420 772 1551 848 medio.
1591 775 1687 872 Quis
1703 784 1802 857 enim

492 927 520 968 „
537 873 670 946 alicubi
696 893 866 945 terrarum
895 886 1026 940 tantam
1055 865 1265 963 injustitiam
1284 867 1425 965 grassari
1445 875 1586 966 credat,
1615 895 1657 950 ut
1675 900 1801 975 quem·

492 1023 519 1065 „
539 973 592 1045 vis
620 971 830 1059 hominum,
859 966 916 1037 vel
935 963 1066 1036 malum
1086 986 1230 1063 quoque
1247 966 1404 1039 inaudita
1421 970 1522 1043 causa
1540 974 1745 1069 opprimere
1764 979 1823 1056 δι’

491 1106 519 1164 „
537 1069 702 1140 damnare
718 1063 847 1138 liceat?
868 1060 1161 1136 &insanientium
1175 1062 1389 1154 Judaeorum
1407 1090 1506 1141 more
1524 1068 1566 1141 ad
1585 1074 1720 1168 optimi
1735 1099 1817 1151 cu·.

491 1217 518 1260 „
531 1167 645 1262 jusvis
661 1188 769 1237 voces
786 1160 990 1255 obstrepere
1005 1157 1244 1251 clamitando,
1270 1162 1476 1235 Haereticus
1493 1190 1551 1259 es,
1577 1167 1717 1264 scurra,
1738 1196 1802 1247 ne·

490 1286 664 1360 „quam,
698 1283 833 1358 ganeo:
869 1257 979 1348 tolle,
1005 1256 1114 1348 tolle,
1141 1255 1340 1354 crucifige,
1365 1260 1542 1361 crucifige
1567 1267 1675 1339 eum?
1711 1270 1801 1344 Seu·

490 1413 518 1454 „
538 1363 604 1433 tiet
622 1384 679 1433 me
698 1357 838 1445 hercle,
866 1353 1067 1426 communis
1086 1353 1201 1426 vestra
1218 1357 1352 1451 patria,
1378 1379 1550 1452 quantum
1569 1364 1640 1437 hoc
1658 1366 1800 1440 confilii

490 1498 517 1553 ,·‚
536 1459 665 1555 quietis
693 1454 797 1528 fimul
824 1453 861 1525 &
888 1452 985 1548 pacis
1003 1450 1105 1523 vobis
1123 1453 1321 1547 pariturum
1343 1450 1398 1526 stt.
1441 1457 1551 1531 Licet
1565 1461 1660 1533 enim
1678 1463 1801 1559 aliquo

488 1593 518 1650 ·„
537 1547 702 1652 tempore
727 1553 815 1625 ferat
843 1549 998 1645 populus
1016 1546 1208 1622 detrorum
1226 1550 1369 1623 suorum
1388 1552 1555 1647 vincula,
1580 1551 1799 1653 persecutio·

489 1706 518 1749 „
537 1677 596 1724 nes
623 1654 660 1726 ὃ(
687 1650 803 1724 caedes
820 1646 840 1718 ὲ
859 1646 1001 1718 summis
1018 1645 1195 1742 episcopis
1215 1646 1399 1742 immissas,
1427 1672 1637 1728 nontamen
1656 1657 1736 1744 baec
1755 1659 1800 1732 il·

489 1804 517 1845 „
538 1751 611 1821 lum
637 1749 773 1845 semper
797 1769 903 1842 aequo
922 1745 1041 1815 animo
1061 1743 1305 1819 laturumesle
1322 1746 1543 1823 videbimus:
1572 1750 1648 1825 imo
1664 1759 1800 1850 gravis·

490 1900 517 1943 „
538 1847 701 1919 fimarum
729 1844 942 1918 seditionum
969 1839 1193 1913 occasionem
1219 1861 1318 1916 tanta
1344 1847 1523 1940 praebebit
1540 1850 1802 1947 crudelitas,ai

490 1997 519 2040 „
538 1945 666 2041 quibus
693 1966 757 2013 vos
778 1941 847 2012 hoc
867 1938 986 2009 medio
1004 1937 1171 2010 liberatos
1187 1938 1364 2034 sentietis,
1386 1941 1486 2040 justo
1500 1944 1644 2043 judicio
1661 1951 1800 2024 calum·

490 2094 519 2137 „
539 2042 712 2112 niantium
742 2038 779 2112 &
807 2033 1088 2108 obtrectatorum
1117 2035 1251 2110 rabiem
1269 2039 1520 2137 compescitis,
1544 2068 1611 2119 nec
1627 2068 1710 2119 eum
1730 2047 1800 2122 sta·

488 2140 603 2236 „tim
622 2135 754 2210 indisla
769 2133 869 2208 causa
885 2132 1138 2230 expellendum
1156 2132 1225 2207 effe
1236 2136 1430 2232 judicatis,
1450 2143 1512 2236 qui
1531 2144 1587 2215 vel
1606 2143 1800 2239 haereseos,

489 2290 518 2334 „
535 2237 592 2310 vel
609 2235 753 2308 alterius
773 2231 957 2329 eujusdam
976 2232 1136 2304 criminis
1152 2235 1349 2307 accusatur.
1375 2236 1566 2334 Quantum
1583 2243 1677 2315 enirn
1687 2243 1801 2319 nostri

488 2388 518 2431 „
536 2335 571 2406 in
601 2334 669 2406 enii
688 2331 827 2405 exilitas
845 2328 1017 2427 dispicere
1034 2329 1174 2426 potest,
1200 2354 1273 2403 non
1291 2333 1457 2430 equidem
1475 2336 1579 2409 aliam
1597 2339 1801 2417 suturarum

488 2485 516 2529 „
533 2357 749 2507 sessionum
767 2426 911 2503 causam
925 2428 1097 2523 majorem
1116 2428 1302 2527 magisque
1319 2432 1527 2527 praesentem
1545 2437 1675 2532 video,
1693 2464 1800 2538 quam

488 2584 517 2628 „
536 2530 769 2630 praecipitem
789 2525 934 2601 illomm
960 2524 1167 2619 audaciam,
1201 2530 1264 2624 qui
1291 2532 1551 2606 monachorum
1574 2539 1799 2633 quorundam

488 2682 518 2727 „
537 2631 575 2704 &
599 2626 880 2703 sacrificulorum
905 2623 1144 2698 delationibus
1162 2625 1312 2719 irritati,
1337 2625 1555 2705 fideliffimos
1572 2635 1800 2712 ecclefiarum

383 2722 387 2732 ’
487 2782 516 2826 ,‚
534 2724 715 2802 ministros
742 2723 897 2801 &verbi
915 2745 1102 2820 praecones
1119 2746 1192 2795 non
1208 2722 1330 2797 audita
1345 2725 1502 2822 ipsorum
1521 2730 1724 2808 defenfione
1740 2736 1800 2810 vel

485 2826 739 2926 „opprimere
766 2824 826 2897 vel
850 2822 926 2895 vita
949 2820 1100 2919 spoliare
1126 2842 1324 2896 conantur:
1359 2824 1420 2919 qui
1446 2847 1545 2902 certe
1571 2854 1696 2927 parum
1716 2858 1800 2932 per·

482 2957 514 3023 ·„
532 2926 686 3021 pendere
710 2923 802 2996 mihi
825 2918 1016 3010 videatur,
1049 2937 1140 3016 quot
1157 2917 1336 2994 bellorum
1357 2922 1658 2999 &calamitatum
1677 2930 1714 2999 hi
1732 2929 1800 3026 ipsi

486 3021 700 3119 „authores
724 3017 893 3102 baslenus
918 3015 1074 3108 fuerint,
1100 3039 1184 3092 cum
1203 3019 1260 3091 vel
1278 3041 1374 3090 nunc
1392 3019 1499 3092 etiam
1519 3020 1799 3117 sanguinolentis

483 3145 517 3217 ·,‚
536 3115 694 3214 ipsorum
712 3114 870 3192 consiliis
888 3137 987 3187 aures
997 3110 1202 3283 lpraebeant.
1221 3168 1248 3206 „
1279 3114 1429 3209 Veluti,
1455 3117 1535 3214 post
1552 3118 1799 3217 saluberrima,

486 3214 702 3295 concivibus
738 3212 807 3288 suis
841 3209 994 3290 submini
1027 3231 1101 3286 rata
1127 3212 1277 3286 consilia
1304 3210 1445 3287 tandem
1473 3215 1563 3288 hanc
1586 3218 1636 3290 ita
1662 3219 1802 3295 claudit

485 3313 699 3419 epistolam:
742 3364 770 3406 „
790 3312 883 3387 Non
909 3295 1077 3385 lnoveant
1095 3310 1215 3407 quaeso
1233 3334 1327 3385 nova
1345 3311 1382 3385 &
1401 3309 1501 3386 foeda
1518 3337 1598 3407 quae
1618 3316 1655 3388 in
1670 3340 1728 3390 me
1742 3320 1800 3416 ja·

486 3414 639 3513 „ciunt
666 3412 849 3498 conuiuas
885 3405 934 3482 fic
960 3409 1055 3483 enim
1083 3407 1308 3482 tenebrarum
1334 3408 1489 3507 potestas
1505 3411 1640 3486 affolet.
1683 3414 1800 3493 Certb

483 3567 514 3611 „
532 3514 627 3588 enim
654 3508 828 3586 affirmare
852 3505 1014 3621 posl'um,
1047 3530 1106 3580 me
1130 3529 1204 3580 non
1221 3509 1414 3605 quicquam
1432 3508 1601 3585 baslenus
1617 3511 1801 3610 docuisse,

486 3663 516 3707 „
535 3634 640 3707 quam
666 3609 764 3707 quod
791 3606 904 3684 divini
932 3605 1048 3677 Verbi
1075 3604 1216 3701 legibus
1243 3604 1287 3678 fit
1311 3630 1528 3703 congruum.
1571 3610 1801 3686 Haereticum

485 3707 677 3805 „quidem
704 3705 809 3780 facile
833 3701 981 3777 vocabit
1005 3703 1163 3801 quisquis
1189 3703 1225 3803 is
1242 3702 1315 3795 est,
1343 3705 1514 3781 haereseos
1540 3706 1629 3782 verb
1648 3712 1801 3783 convin-

486 3855 514 3899 „
534 3827 616 3878 cere
642 3802 752 3877 nullae
780 3804 969 3879 hominum
996 3821 1110 3894 artes,
1144 3800 1255 3873 nullae
1271 3799 1381 3897 ipsrus
1399 3802 1573 3880 daemonis
1591 3808 1801 3906 imposturae*

472 3933 516 3999 ·„
537 3920 722 3997 poterunt.
741 3953 768 3993 „

535 4000 644 4090 §.CL
663 3998 751 4074 Erat
760 3997 854 4073 idem
867 3999 926 4073 ille
935 4022 1068 4092 annus,
1087 4020 1162 4095 quo
1171 3997 1254 4093 Joa.
1266 3996 1465 4076 MEYER
1474 3979 1721 4097 disttisECK.
1734 4002 1800 4096 (a),

1671 4100 1800 4195 Ingol·

528 4223 577 4308 (a)
601 4221 656 4291 De
679 4224 741 4290 boc
764 4219 860 4289 Ecka‘o
883 4224 1091 4295 memorabile
1107 4222 1151 4291 eil
1168 4224 1383 4296 testimonium
1399 4226 1453 4309 Jo.
1471 4225 1801 4391 OECOLAMgllIl·
