4442 5150
1089 500 1212 596 (50)

388 708 395 717 ,
512 646 689 741 stianismi‚
705 645 820 740 acceffir
833 642 879 714 eei
887 645 990 742 ignem
998 645 1162 739 persenern
1173 645 1347 732 duellum,
1369 648 1409 722 ό·
1420 646 1700 744 cinerescirffiersst',
1719 676 1790 725 ent·

506 765 643 828 nemque
656 745 931 822 catoremmeeepro
939 737 1031 821 sole,
1043 735 1191 824 ltfflotdo
1201 740 1440 820 excitauie,iea,
1454 758 1492 808 vr
1503 743 1599 809 etiem
1610 743 1792 833 torrissem}-

505 856 581 918 τω,
592 836 719 925 stupore
731 839 938 921 perterritus,
958 833 1158 904 obmitteert't.
1202 840 1261 902 Illo
1271 834 1432 921 sufflante,
1453 837 1494 906 de
1512 839 1566 904 ira
1574 839 1716 921 'pere-ilo,
1737 838 1789 906 in·

506 953 561 1007 ter
573 937 707 1002 laborem
720 929 847 1005 accidie,
868 944 905 992 ee
919 927 1249 993 moneusconcideree.
1295 930 1363 993 Hoc
1378 925 1463 1012 viso,
1480 933 1636 1014 gandium
1656 929 1696 996 ό·
1713 951 1791 996 moe·

510 1053 614 1098 rorent
625 1018 941 1105 Senetrrssrrppreffit,
964 1021 1151 1103 delatusque
1164 1017 1206 1105 est
1215 1017 1318 1102 loeas,
1343 1024 1427 1085 nullo
1434 1023 1562 1102 saneris
1580 1022 1724 1111 obsequio
1738 1020 1791 1108 le·

507 1126 627 1209 'periton
670 1114 825 1193 Tandem,
844 1114 1027 1201 neleieqttis
1043 1162 1053 1190 ‚
1064 1111 1164 1196 stulto
1180 1115 1315 1193 venito,
1340 1129 1445 1200 utpote
1457 1122 1660 1198 monachali,
1680 1118 1789 1203 ingre·

512 1224 619 1299 diens,
641 1210 691 1278 ceti
707 1213 914 1282 LVTHERO
931 1232 1093 1297 cognomen
1105 1209 1240 1277 inditum
1252 1228 1320 1276 erat
1330 1230 1489 1294 ,magnam
1497 1209 1616 1294 struent
1629 1214 1789 1299 ligamen

513 1310 611 1378 relati
624 1310 705 1372 alter
721 1300 808 1383 llaec
819 1302 1002 1373 inhumeris
1014 1305 1173 1382 baiulans,
1197 1305 1318 1390 inquit.-
1344 1308 1454 1392 Ignem
1468 1308 1530 1373 iam
1542 1329 1659 1394 parum
1673 1312 1786 1374 luceo·

511 1423 579 1473 tem
595 1421 668 1472 toto
680 1399 761 1469 orbe
776 1404 886 1465 lucere
899 1404 1025 1468 faciam.
1070 1398 1131 1463 Per
1144 1419 1203 1465 vos
1217 1419 1267 1464 res
1282 1401 1400 1466 Chtilli
1413 1401 1531 1484 periit,
1551 1423 1610 1487 per
1621 1424 1677 1470 me
1688 1403 1789 1491 chri·

513 1500 548 1567 lli
561 1518 678 1583 opera,
700 1495 796 1562 vobis
809 1496 935 1574 invitis,
959 1495 1155 1560 restituetur.
1200 1492 1366 1577 Siclorum
1378 1486 1515 1573 eceeffir,
1537 1492 1574 1562 ὁ
1592 1493 1683 1580 liene
1700 1497 1789 1566 vivis

512 1592 691 1660 carbonibus
699 1583 910 1678 steperptfitt't,
932 1612 1000 1677 que
1012 1610 1089 1656 mox
1101 1587 1224 1656 oilleix
1231 1588 1368 1674 stamme
1385 1588 1543 1665 absumere
1561 1606 1670 1656 coneto
1688 1608 1788 1663 tolero
1810 1624 1818 1633 ·

512 1691 633 1768 aulam,
655 1679 929 1774 qaodparumest,
951 1685 1156 1762 immaturum
1179 1677 1460 1749 mundaniluxie.
1504 1682 1555 1748 St'c
1563 1681 1607 1770 se
1627 1687 1788 1774 proiipur'e

507 1775 600 1863 sorar
611 1782 793 1870 monstrosus
805 1777 983 1852 cenobite,
999 1778 1083 1844 illico
1101 1797 1186 1848 totos
1204 1784 1335 1843 &nous
1348 1789 1433 1856 pene
1449 1790 1570 1842 terrore
1586 1780 1790 1848 exanimem

513 1877 546 1943 in
561 1899 656 1945 renum
668 1877 754 1954 coiit,
775 1870 1096 1957 consulturusreitam
1107 1873 1270 1960 ambigue.
1314 1871 1346 1936 V
1343 1870 1375 1936 li
1388 1870 1556 1952 Pontifex,
1578 1873 1790 1960 r'rtdt'HofiIeu·

512 1977 575 2059 tio,
603 1977 708 2064 inquit
723 1990 739 2052 z,
764 1965 837 2038 Viri
860 1962 992 2049 fratres,
1014 1964 1099 2057 quid
1117 1963 1178 2035 sibi
1198 1964 1405 2058 volunttam
1425 1963 1585 2038 immensa
1598 1974 1788 2063 portenta?

513 2065 596 2158 quid
609 2062 817 2133 monstrosus
829 2055 941 2155 ignis?
964 2082 1033 2129 non
1047 2057 1227 2146 video,ntsr
1242 2079 1280 2128 ut
1295 2058 1604 2157 ignominiunostra
1617 2081 1690 2136 toto
1701 2069 1789 2142 cele.

514 2159 631 2231 bretur
646 2157 744 2228 orbe:
767 2156 803 2227 &
816 2154 876 2227 nisi
896 2153 976 2228 huic
993 2153 1101 2228 errori
1112 2153 1346 2242 succurratur,
1371 2155 1579 2252 peribimus=
1606 2155 1665 2230 vbi
1684 2157 1788 2237 semel

514 2253 641 2324 nostrae
653 2249 847 2348 Religionis
861 2271 1047 2348 praetextus
1062 2249 1174 2347 vulgo
1192 2245 1402 2341 innotuerit,
1422 2249 1664 2348 deturbatique
1683 2258 1789 2331 fueri·

514 2372 614 2436 mus,
641 2344 676 2418 in
691 2349 844 2418 ordinem
870 2348 1080 2443 redigemur,
1099 2344 1256 2442 illudque
1275 2352 1342 2415 Del
1366 2360 1549 2446 cognomen,
1574 2347 1675 2421 cuius
1705 2361 1787 2426 vicet

515 2443 584 2525 huc
598 2441 893 2540 vsquegeslimus‚
915 2440 1131 2517 aufferetura
1151 2439 1268 2528 nobis,
1295 2465 1483 2538 numquam
1513 2441 1654 2536 posthac
1676 2449 1789 2544 (qnod

515 2562 583 2612 non
596 2538 775 2627 vellemus)
799 2536 1000 2613 rediturum.
1048 2537 1168 2628 Quare
1186 2559 1248 2610 vos
1271 2537 1389 2609 hortor
1406 2561 1466 2633 per
1483 2536 1722 2615 [acrosanetam
1741 2546 1792 2619 Aa

516 2634 711 2730 postolicam
726 2636 850 2722 sedem,
872 2660 931 2730 per
942 2635 1140 2721 Christum,
1160 2633 1259 2705 cuius
1275 2633 1364 2703 vices
1376 2635 1543 2730 gerimus,
1566 2656 1605 2706 ut
1624 2634 1792 2731 huicpere

516 2729 610 2802 nicici
624 2728 839 2813 succurratis,
861 2753 990 2824 nosque
1009 2729 1069 2799 hac
1088 2727 1331 2825 ignominia&
1351 2750 1412 2799 vos
1435 2748 1502 2799 tam
1522 2728 1642 2827 insigni
1653 2732 1791 2828 jaelum

517 2822 682 2896 relevetis¹
730 2832 783 2893 Src
806 2828 968 2909 Pontifice,
989 2822 1100 2893 obortit
1111 2826 1271 2907 lacrimis,
1293 2819 1531 2916 obmutescente,
1550 2825 1684 2919 quidam
1693 2853 1789 2903 men-

515 2919 699 2993 dicantium
711 2916 839 2990 ordinis
850 2915 1053 2990 fraterculus
1071 2974 1081 3004 ,
1109 2916 1191 2999 obeso
1208 2920 1248 2994 ό*
1261 2925 1445 3010 protentiore
1463 2924 1662 3010 ventriculo,
1689 2927 1791 3017 eapite

508 3024 638 3116 pingui,
654 3021 843 3111 quiinqut'r:
866 3011 1075 3086 Saniiilirme
1092 3015 1207 3101 Pater,
1229 3014 1402 3108 totiusque
1414 3013 1507 3086 orbis
1520 3038 1664 3113 regnum
1684 3020 1791 3094 Chri·

516 3110 557 3182 st't
569 3131 700 3198 tenens,
719 3133 759 3182 ac
772 3131 834 3202 pro
848 3108 987 3182 libidine
1002 3107 1195 3192 moderans,
1222 3130 1284 3180 nos
1304 3111 1355 3179 tui
1368 3107 1515 3199 alumni,
1537 3110 1697 3186 ordinarii
1721 3114 1790 3189 fra·

516 3224 598 3295 tres,
615 3207 684 3302 jam
697 3202 928 3301 percepimus,
950 3223 1117 3301 quantum
1134 3200 1289 3275 dolorem
1314 3203 1620 3279 Paternitastuaex
1645 3208 1706 3283 hac
1721 3229 1790 3283 tm·

540 3304 630 3374 oedia
648 3303 843 3395 perceperit.
894 3297 1124 3370 iiPatctnitati
1151 3316 1222 3370 tuae
1248 3297 1361 3371 visum
1380 3296 1503 3388 suerit,
1531 3300 1657 3374 erimus
1672 3303 1789 3378 defen·

513 3324 602 3472 {tres
614 3396 715 3491 hujus
727 3393 826 3490 pellis
838 3415 904 3466 tam
917 3396 1042 3466 noxiae.
1093 3400 1144 3467 Di
1160 3399 1243 3465 loma
1255 3414 1357 3467 tuum
1372 3396 1427 3465 vel
1438 3394 1531 3467 aliud
1545 3420 1607 3468 nos
1618 3395 1696 3471 facit
1708 3426 1790 3474 vere

504 3492 778 3589 fideidefenltrer,
802 3510 978 3587 patresque
990 3488 1095 3561 nostri
1106 3416 1168 3562 rigi
1194 3487 1360 3586 nobisque
1377 3490 1538 3562 haelenus
1557 3514 1627 3563 rem
1659 3493 1792 3569 Christi

514 3610 662 3686 pacatam
675 3587 710 3660 &
724 3586 939 3683 tranquillant
962 3583 1188 3689 reliquerunt,
1205 3605 1368 3681 totusque
1379 3584 1472 3656 orbis
1486 3609 1546 3657 nos
1557 3587 1699 3659 heretice
1711 3614 1791 3686 pre·

512 3690 626 3755 viretis
642 3687 833 3777 inqaifitorer
852 3680 886 3752 in
899 3684 991 3751 hunc
1007 3681 1098 3752 diem
1111 3704 1220 3777 vsque
1232 3679 1419 3777 appellitat.
1467 3679 1585 3768 Quare
1605 3685 1791 3760 Paternitas

513 3798 570 3851 tua
589 3801 726 3850 omnem
739 3776 839 3849 huius
855 3774 899 3849 rei
926 3772 1112 3848 molestiam
1124 3774 1159 3846 in
1178 3800 1240 3848 nos
1253 3774 1385 3846 trudat:
1409 3774 1447 3848 ὃ(
1466 3774 1528 3848 tibi
1540 3776 1709 3874 nobisque
1717 3805 1789 3857 rem

512 3871 670 3970 prospere
692 3872 858 3966 perastam
872 3867 1051 3959 (firmiter,
1072 3869 1184 3955 crede)
1206 3871 1383 3943 ducemus.
1431 3877 1503 3941 lam
1521 3892 1603 3944 rerer
1622 3873 1792 3953 Cardine.

511 3966 604 4043 litius
616 3966 756 4044 Senatus
770 3966 948 4064 l’ttttficetrt
959 3971 1139 4067 compellat,
1160 3970 1214 4042 vti
1223 3994 1272 4043 ret
1283 3971 1317 4042 itt
1328 3965 1503 4058 illiusmodi
1515 3966 1790 4049 homirerdeuolre-

1708 4075 1793 4163 lteri,
