4442 5150
977 585 1101 700 (89)

442 708 637 802 Secundo,
658 709 750 784 unde
798 708 889 785 uaeso
908 734 997 785 nova
1009 713 1069 785 illa
1088 711 1255 787 temeritas
1271 713 1423 788 animum
1442 732 1542 790 tuum
1560 719 1668 793 incest

390 811 453 904 fit,
474 829 513 884 ut
525 807 566 880 ad
579 805 739 902 inclytam
799 805 1003 881 elvetiorum
1040 827 1151 885 entem
1165 807 1362 881 literasdaro
1378 834 1449 884 non
1467 811 1667 887 erubescas?

391 907 492 980 Cum
506 925 576 975 non
589 900 715 988 defint,
735 903 797 996 qui
811 921 844 973 te
854 900 939 974 olim
959 901 1030 1000 Fry
1060 905 1137 1000 orgi
1156 901 1336 973 Vatiniauo
1356 902 1429 991 eius
1452 905 1561 1002 gentis
1585 907 1668 980 odio

392 998 648 1074 inflammatum
668 996 788 1099 quavis
806 996 848 1067 de
865 996 962 1067 causa
981 993 1143 1067 leviffima
1162 993 1253 1067 illam
1277 997 1434 1068 convitiis
1455 999 1669 1094 proscindere

393 1095 534 1168 solitum
547 1089 646 1163 fuiffe
656 1090 778 1161 dicant.
829 1087 928 1182 Quid
945 1110 1057 1162 autem
1066 1091 1184 1177 deco,
1209 1091 1305 1184 quod
1318 1090 1446 1169 Romae
1465 1092 1528 1164 tibi
1546 1095 1679 1169 accidit.

394 1185 570 1262 dicemus?
600 1190 723 1258 Annon
747 1183 835 1256 enim
857 1182 1055 1257 nostratium
1085 1183 1241 1278 quidam,
1264 1184 1323 1278 qui
1342 1202 1426 1257 tunc
1451 1189 1611 1283 temporis
1632 1190 1668 1263 in

394 1280 579 1355 Pontificio
594 1278 759 1352 comitatu
774 1279 809 1350 ὅ(
824 1277 976 1350 satellitio
991 1278 1153 1372 stipendia
1166 1299 1379 1367 meruerunt,
1401 1301 1434 1350 te
1447 1281 1604 1373 =crinibus
1614 1284 1667 1354 di·

395 1374 560 1452 {stastum
586 1371 785 1445 verberibus
809 1395 949 1468 quoque
980 1373 1209 1444 contuderunt
1236 1427 1247 1458 ,
1289 1367 1479 1445 foedissimis
1503 1375 1667 1449 nimirum

392 1469 496 1543 distis
509 1467 575 1541 tuis
594 1467 712 1553 nitati,
733 1489 811 1560 quae
824 1486 862 1537 tu
875 1467 909 1537 in
928 1467 1168 1539 Helvetiorum
1183 1487 1319 1564 gentem
1340 1467 1584 1541 contumeliose
1599 1468 1667 1542 eia·

394 1559 590 1637 culabaris?
610 1564 670 1633 An
688 1582 771 1632 vero
788 1559 911 1631 domus
931 1559 1000 1655 ipsa
1023 1561 1323 1659 Campanae·figno
1348 1560 1520 1652 celebris,
1546 1561 1581 1637 in
1598 1586 1667 1659 qua

395 1655 457 1730 ista
467 1653 700 1751 contigerunt,
725 1654 887 1724 memoria
900 1649 1114 1726 tuaettcidit?

421 1750 592 1836 'Tertio,
615 1747 698 1844 quid
721 1745 849 1820 obstitit
863 1747 994 1841 quaeso,
1017 1746 1214 1842 quominus
1228 1746 1269 1821 ad
1281 1746 1575 1846 pmdentidimum
1597 1754 1664 1827 Ti·

396 1845 531 1944 gurinae
567 1842 710 1914 civitatis
738 1842 821 1914 Cos.
847 1842 884 1914 δε
911 1841 1078 1930 fandum,
1101 1844 1162 1939 qui
1188 1843 1258 1915 illic
1282 1846 1347 1933 est,
1369 1843 1528 1919 Senatum
1553 1848 1665 1924 literas

400 1959 473 2014 tuas
488 1939 600 2024 dares,
628 1952 709 2009 curn
734 1935 766 2008 in
791 1937 928 2007 illorum
947 1935 1081 2009 ecclelia
1107 1960 1162 2007 me
1182 1937 1370 2011 dostrinam
1395 1963 1504 2013 meam
1526 1942 1664 2036 publice

424 2033 580 2106 taedicare
592 2050 625 2103 te
643 2053 711 2101 non
726 2029 851 2103 lateat?
872 2029 970 2121 Quid
989 2053 1077 2126 opus
1091 2051 1178 2118 erat,
1197 2030 1336 2104 aliarum
1354 2033 1493 2106 urbium
1512 2035 1543 2106 lc
1567 2059 1663 2128 atos,

398 2057 582 2202 ilelvetios
593 2124 741 2218 denique
754 2148 886 2213 omnes,
910 2125 1084 2196 temerario
1096 2124 1161 2194 isto
1179 2127 1343 2221 &inepto
1361 2129 1485 2223 scripto
1497 2059 1633 2205 tutiiare
1646 2134 1679 2207 Β.

402 2231 462 2301 An
481 2238 568 2294 veto·
577 2218 723 2315 aliquam
741 2220 781 2289 ad
796 2241 853 2291 eos
868 2217 1042 2292 utililatem
1055 2217 1136 2292 hinc
1147 2241 1388 2314 perventuram
1405 2221 1471 2294 elle
1488 2223 1661 2318 sperabas?

400 2314 495 2403 Vel,
521 2337 587 2416 qua
608 2313 733 2385 ratione
760 2313 825 2384 hoc
849 2335 903 2385 me
920 2313 975 2384 vel
999 2316 1039 2384 ad
1064 2316 1190 2385 erroris
1208 2314 1414 2413 agnitionem
1441 2317 1495 2389 vel
1519 2318 1561 2390 ad
1607 2343 1662 2391 oe·

397 2409 569 2578 ηριἷηιίαη]
594 2431 752 2482 revocate
775 2407 916 2505 potuit,
943 2429 1023 2482 cum
1045 2430 1100 2482 me
1124 2406 1228 2483 inscio
1255 2433 1356 2484 omne
1383 2409 1470 2485 illud
1494 2431 1565 2486 tran
1581 2433 1664 2513 ege·

396 2524 441 2576 trs
997 2541 1007 2559 ν
1586 2532 1591 2538 ·

445 2599 603 2694 Qtarto,
621 2624 778 2695 quaenam
791 2600 846 2673 illa
865 2599 929 2674 fuit
943 2598 1111 2676 necessitas
1127 2656 1141 2692 ,
1157 2624 1239 2695 quae
1272 2604 1342 2676 huc
1360 2624 1394 2677 te
1411 2603 1598 2699 compulit,
1620 2624 1662 2681 ut

395 2691 438 2765 ὃ(
460 2716 596 2787 tenipus
608 2697 644 2767 ὃ(
658 2698 770 2768 locum
786 2696 846 2768 tibi
859 2694 994 2767 deliniri
1008 2694 1114 2781 velis,
1145 2717 1219 2789 quo
1240 2696 1461 2790 disputatotio
1480 2701 1679 2771 certamine.

396 2808 537 2858 mecum
551 2785 650 2880 poffis
672 2792 851 2886 congredi?
875 2796 932 2863 An
954 2812 1037 2862 vero
1047 2786 1238 2883 disputandi
1250 2789 1409 2883 cupidine
1420 2799 1464 2861 ita
1476 2787 1661 2863 inflamma·

395 2883 524 2964 tuses?
546 2884 656 2978 rquui
677 2906 850 2978 nunquam
863 2910 932 2958 non
950 2883 1133 2981 Tigurinae
1152 2881 1245 2955 urbis
1256 2903 1365 2979 portae
1387 2882 1448 2955 tibi
1461 2904 1585 2978 patent.
1612 2884 1661 2958 Et

395 3000 460 3048 nos
487 3002 630 3079 quoque
650 3000 824 3074 nunquam
849 3004 919 3051 non
942 2980 984 3052 ad
1011 2978 1279 3074 respondendum
1304 2976 1367 3051 tibi
1396 2978 1499 3074 parati
1526 2977 1660 3055 sumus.

397 3070 527 3169 Quid?
555 3080 684 3151 Nonne
696 3071 917 3147 sanilissrmus
929 3074 1022 3148 urbis
1034 3074 1159 3146 nostrae
1172 3076 1385 3147 Settatusnon
1399 3072 1497 3148 semel
1510 3094 1579 3147 tam
1596 3100 1662 3172 pu·

395 3164 493 3271 blicis
504 3193 608 3265 quam
621 3168 760 3273 privatis
773 3168 1058 3261 postulationibus
1078 3166 1155 3241 imi)
1170 3166 1476 3258 obtestationibus,
1499 3169 1584 3242 illud
1600 3195 1662 3266 pe.
1794 3187 1805 3198 ··

397 3259 464 3344 titt,
493 3286 532 3337 ut
550 3266 680 3360 sr·qurs
697 3262 753 3335 vel
770 3263 859 3354 ipsos
878 3264 932 3334 vel
952 3256 1108 3336 dodtores
1134 3262 1284 3358 ipsorum
1309 3265 1431 3344 erroris
1458 3269 1663 3339 convincere

399 3352 514 3451 poffit,
526 3360 651 3432 divinae
668 3355 843 3452 scriptura:
861 3356 1077 3442 testimoniis,
1099 3357 1185 3429 illud
1203 3358 1312 3452 ipsum
1330 3357 1438 3429 sacerc
1459 3381 1528 3429 non
1541 3358 1680 3453 dedig··

398 3452 520 3524 netur?
545 3454 643 3547 Quin
652 3474 737 3550 ergo
748 3453 858 3540 venis,
879 3452 1156 3549 quandocunque
1167 3450 1235 3523 hoc
1250 3451 1385 3524 libitum
1400 3448 1529 3528 fuecit?
1551 3448 1662 3536 Quod

398 3541 575 3641 staliquod
588 3550 644 3621 hic
656 3545 913 3641 periculumtibi
921 3548 998 3643 jure
1010 3544 1272 3621 timendumelse
1282 3542 1466 3643 existimas,
1484 3564 1661 3639 nunquam

397 3637 461 3709 tibi
474 3643 657 3727 deerimus,
668 3662 840 3736 quotquot
848 3642 975 3739 Tiguri
988 3641 1167 3715 Christum
1181 3636 1518 3739 praedicantumquin
1531 3639 1661 3711 salvum

397 3733 626 3825 condustum,
652 3756 692 3809 ut
712 3755 850 3824 vocant,
875 3735 1076 3833 §timemini
1097 3729 1516 3810 nobis‘contradtccotium
1548 3730 1662 3806 hatte·

396 3849 463 3903 nus
489 3851 535 3898 un
560 3854 635 3902 uam
656 3849 795 3928 negatus
811 3831 924 3916 est,.a
953 3831 1076 3904 Senatu
1100 3827 1217 3898 nostro
1264 3829 1414 3914 eternus,
1440 3826 1584 3901 &facile
1608 3834 1664 3912 (ut

397 3926 516 4099 sperio}
534 3853 653 4094 itffid
667 3926 759 4001 aliud
771 3925 905 4007 tutioris
930 3850 1366 4093 Pfaefiffieflissmfflifflffi*
1396 3922 1664 4089 impensu&

418 4085 427 4095 ,
484 4042 553 4092 om.
614 4074 622 4097 .
1635 4037 1664 4097 ι’.
