4442 5150
434 645 508 741 284
623 639 1004 718 HISTORIA
1047 636 1489 716 EVANGELII
1568 646 1738 746 Assae.

436 774 597 847 adversus
615 775 803 847 lraereticos
822 769 977 865 querelas
995 788 1095 840 tanto
1115 773 1239 863 majori
1260 796 1341 841 curn
1356 771 1511 845 successu
1524 775 1742 874 institueret,

436 874 526 944 nibil
545 875 783 966 opportunius
801 870 866 940 esse
879 867 1087 961 judicabat,
1111 889 1215 961 quam
1235 865 1276 936 ad
1296 867 1407 962 ipsum
1430 872 1645 946 Pontificem
1658 880 1739 949 Ro·

437 993 579 1039 manum
599 993 654 1040 eas
672 970 829 1054 deserte,
853 988 962 1058 eaque
981 986 1129 1057 propter
1148 967 1303 1034 Romam
1325 966 1527 1059 proficisci;
1558 974 1609 1042 At
1627 975 1740 1065 verb,

438 1089 519 1135 cum
540 1069 566 1135 is
583 1091 626 1136 eo
645 1067 779 1136 delatus
797 1062 902 1151 esset,
929 1083 1035 1154 atque
1054 1062 1268 1155 aliquamdiu
1288 1061 1459 1154 haefiffer,
1485 1065 1683 1164 sceleraque
1703 1075 1741 1147 δε

436 1161 717 1232 abominationes
744 1185 827 1229 cum
854 1159 1010 1228 civitatis
1037 1177 1114 1226 tum
1142 1160 1250 1227 curia·
1278 1161 1455 1231 Romana·
1477 1169 1745 1263 contemplatus

435 1257 519 1329 esset
539 1261 705 1353 propius,
734 1279 808 1327 tum
830 1251 916 1326 verb
936 1255 1060 1348 pedem
1081 1255 1280 1345 retraxisse,
1299 1277 1405 1350 atque
1423 1283 1494 1328 non
1512 1285 1667 1358 corpore
1685 1266 1740 1338 so·

436 1329 511 1426 luin
540 1356 661 1427 sed&
689 1357 808 1435 animo
836 1353 974 1447 prorsus
1001 1350 1043 1419 ab
1064 1351 1225 1422 Ecclesia
1242 1354 1408 1422 Romana
1424 1354 1608 1449 secessisse,
1636 1361 1744 1459 seque

434 1451 549 1545 ipsum
572 1451 728 1548 junxisse
750 1448 937 1544 Evangelii
954 1445 1183 1536 dolzloribus,
1211 1450 1322 1544 iisque
1342 1449 1514 1523 strenuam
1536 1456 1616 1528 inde
1635 1460 1679 1530 ab
1698 1486 1743 1532 eo

435 1569 598 1643 tempore
625 1547 759 1622 navasse
787 1569 951 1640 operam,
981 1564 1022 1615 ut
1041 1569 1113 1614 non
1132 1542 1235 1616 semel
1256 1569 1398 1640 quoque
1417 1549 1589 1642 professus
1609 1555 1741 1649 fuerit,

420 1646 470 1717 ‘id
499 1648 595 1741 quod
623 1648 837 1744 paradoxum
865 1642 977 1714 videri
1004 1641 1138 1737 posset,
1173 1640 1206 1714 se
1229 1646 1363 1716 Romae
1382 1642 1514 1718 fassum
1533 1648 1600 1723 effe
1619 1652 1740 1727 Evan-

464 1744 609 1815 elicum.

436 1767 461 1840 g
483 1853 513 1925 §.
534 1842 641 1913 Clll.
669 1842 866 1910 Valentinus
893 1836 1145 1928 COMPAR,
1171 1837 1241 1910 Vir
1258 1838 1418 1913 eruditus
1437 1863 1471 1914 at
1489 1846 1600 1918 veteri
1620 1845 1742 1942 super·

435 1937 572 2009 stitioni
601 1936 758 2007 addicitis
787 1936 878 2004 inter
905 1938 1078 2023 Uranios,
1123 1937 1184 2026 qui
1212 1937 1538 2032 Archigrammatei
1564 1944 1742 2038 dignitate

434 2035 683 2130 fungebatur,
727 2034 797 2102 hoc
833 2052 992 2124 tempore
1027 2030 1187 2105 aduersus
1214 2037 1386 2128 quosdam
1413 2036 1586 2109 doelrinae
1613 2045 1738 2137 purio-

435 2133 481 2202 ris
509 2130 529 2201 ὰ
554 2131 739 2225 Zwinglio
765 2127 938 2225 exposita·
964 2128 1162 2219 articulos,
1190 2129 1234 2201 de
1254 2131 1473 2228 Evangelio,
1501 2136 1545 2207 de
1565 2135 1739 2212 Doston-

421 2228 500 2300 bus
527 2229 582 2300 vel
611 2230 754 2322 Parrum
783 2224 1016 2315 austoritate,
1052 2224 1094 2296 de
1122 2227 1343 2323 imaginibus
1371 2230 1408 2302 &
1435 2230 1478 2302 de
1501 2234 1741 2332 Purgatorio,

434 2326 605 2421 scriptum
632 2325 810 2420 quoddam
838 2323 1016 2412 ediderat,
1042 2322 1149 2417 idque
1165 2325 1202 2394 in
1222 2325 1377 2422 publicis
1395 2330 1552 2403 comitiis
1570 2334 1742 2428 praesente

434 2426 547 2496 totius
576 2423 700 2519 populi
721 2419 1060 2495 UerNlENSlS
1081 2422 1257 2493 concione
1275 2426 1506 2514 recitaverat,
1533 2430 1655 2524 Huic,
1682 2453 1742 2505 ut·

433 2541 521 2617 pote
540 2523 618 2595 viro
638 2520 808 2612 honesto,
829 2521 941 2615 &qui
962 2540 1089 2613 magna
1107 2517 1299 2592 verborum
1321 2524 1495 2598 civilitate
1513 2551 1553 2600 ac
1572 2528 1741 2604 modestia

432 2619 547 2694 suerat
573 2618 673 2710 usus,
699 2621 830 2714 quique
849 2637 1020 2706 praeterea
1038 2617 1099 2710 pio
1117 2615 1303 2690 videbatur
1321 2621 1504 2717 religionis
1524 2624 1609 2698 duci
1627 2629 1741 2722 Zelo,

431 2716 642 2814 respondere
676 2713 1001 2789 ZWINGLIUS
1036 2737 1179 2881 aespuum
1208 2714 1474 2811 arbitrabatur,
1518 2742 1625 2819 atque
1651 2727 1752 2799 adeo·

431 2818 612 2913 egregiam
639 2816 802 2911 bonaque
826 2815 932 2909 sruge
958 2812 1052 2906 pleni
1081 2836 1187 2884 imam
1210 2815 1253 2884 ad
1273 2811 1385 2910 ipsum
1404 2817 1574 2892 adornare
1593 2824 1740 2921 Respon-

421 2919 545 3008 fionem
566 2917 614 3005 (a)
636 2916 682 2984 A.
698 2935 802 3007 1525.
828 2933 909 3007 qua:
928 2910 1019 2980 inter
1037 2908 1214 3007 Zwinglii
1230 2912 1354 3007 Opera
1369 2913 1523 3009 legitur,
1549 2923 1646 3012 quod
1661 2924 1736 3013 jam

431 3010 544 3081 verbo
563 3009 793 3081 notabamus:
828 3008 870 3079 ln
887 3006 953 3077 hac
972 3005 1218 3102 Responsrone
1235 3010 1279 3081 ad
1299 3009 1468 3082 Senatum
1489 3012 1739 3109 populumque
1763 3053 1765 3056 ·

433 3106 646 3202 Uraniensem
672 3105 834 3201 quaedam
889 3100 1059 3194 raesatur,
1094 3128 1221 3202 easque
1248 3131 1329 3201 quae
1358 3108 1393 3177 in
1420 3105 1532 3202 ipsum
1561 3113 1736 3204 proieshe

430 3224 552 3297 crant,
588 3203 779 3276 calumnias
807 3201 826 3273 ὲ
853 3128 1093 3293 sdamolitur,
1120 3197 1366 3301 atque'quanti
1384 3202 1488 3277 faciat
1507 3231 1597 3301 opus
1617 3212 1738 3285 Evan-

430 3302 518 3403 gelii
545 3300 716 3396 testatur,
751 3296 795 3374 de
821 3322 892 3395 quo
909 3298 1060 3370 ultimo:
1095 3351 1124 3392 „
1142 3302 1229 3374 Hoc
1247 3304 1341 3374 enim
1361 3301 1417 3394 (b)
1435 3300 1571 3397 solum,
1598 3307 1737 3406 inquit,

430 3406 514 3497 „lic
541 3403 687 3474 unicum
714 3397 766 3472 est
791 3400 990 3471 animarum
1012 3395 1199 3492 solatium,
1233 3402 1418 3473 veritatem
1444 3404 1537 3474 enim
1564 3405 1600 3475 in
1620 3406 1737 3481 lucem

429 3552 456 3593 „
476 3501 681 3595 protrahit,
717 3498 787 3573 Dei
814 3492 903 3570 verb
930 3496 1176 3592 cognitionem
1203 3521 1322 3570 veram
1349 3498 1483 3591 tradit,
1518 3502 1590 3574 Dei
1617 3529 1739 3579 amore

429 3600 608 3690 „animos
636 3594 774 3669 nostros
802 3592 982 3684 incendit,
1016 3591 1124 3665 fidem
1152 3617 1282 3690 auget,
1317 3621 1441 3692 pacem
1460 3601 1653 3694 conciliat,
1679 3602 1738 3677 sed

285 3695 302 3733 ·²
430 3745 457 3787 „
476 3716 551 3764 earn
578 3718 658 3788 quae
677 3719 720 3767 ex
743 3696 825 3767 Deo
843 3691 892 3765 est
905 3724 922 3778 3>
947 3688 1109 3763 econtra
1129 3691 1313 3786 perfidiam
1334 3695 1478 3790 pandit,
1505 3698 1736 3775 incredulita-

316 3802 318 3808 ’
431 3841 458 3883 „
479 3810 549 3861 tem
580 3791 771 3882 impiorum
791 3790 933 3887 prodit,
962 3792 1080 3883 turpia
1097 3786 1403 3863 audacissimorum
1423 3792 1609 3868 hominum
1631 3798 1736 3895 flagi·

429 3939 455 3981 „
476 3890 546 3978 tia,
566 3886 817 3982 hypocrisin&
830 3888 1009 3961 simulatos
1028 3884 1192 3959 falsorum
1213 3888 1411 3961 animorum
1430 3890 1533 3965 sucos
1549 3894 1698 3991 detegit.
1708 3948 1735 3984 „

422 3985 614 4082 Deinceps
640 3984 797 4060 sermone
823 3985 958 4060 direelo
984 3984 1027 4056 ad
1056 3983 1289 4058 Valentinum
1310 3988 1554 4085 Comparem,
1581 3991 1742 4067 statimit

1636 4088 1737 4184 priu-

289 4152 320 4211 ··'.
407 4256 410 4262 -
470 4213 522 4383 gp}
545 4206 764 4362 ZYJAEZNgGL.
788 4207 888 4296 Oper.
911 4209 1017 4278 Toni.
1033 4211 1062 4277 1.
1082 4209 1142 4277 fol.
1160 4210 1410 4295 aro—464.

464 4463 492 4498 4.
