4442 5150
716 602 1563 726 PRAEFATIO.

493 779 859 925 quamplurimi,
897 780 975 882 sed
1002 796 1049 883 δι
1073 819 1130 882 ex
1154 790 1239 907 iis,
1269 791 1349 922 qui
1374 790 1637 887 etiamnum
1659 787 1801 890 aLu-

492 923 639 1046 thero,
659 928 808 1057 -eujus
834 922 997 1021 divina
1023 921 1167 1061 plane
1193 929 1245 1019 in
1273 957 1470 1021 ornnem
1499 922 1802 1028 reformatio·

492 1095 606 1159 nem
642 1067 812 1159 metita
845 1068 925 1201 qui
964 1097 1064 1158 non
1092 1056 1346 1198 agnoscat,
1384 1062 1800 1198 importunissimus

490 1225 545 1296 ut
573 1194 628 1296 stt
644 1276 658 1320 ,
710 1229 928 1336 oportet,
977 1198 1071 1295 dici
1099 1229 1290 1320 amant,
1329 1204 1440 1304 Viri
1466 1235 1630 1336 graves
1659 1233 1800 1343 atque

490 1331 683 1473 spectati
698 1415 713 1460 ,
748 1334 1039 1435 celeberrimi
1064 1367 1286 1474 praterea
1310 1344 1518 1437 nominis
1544 1353 1590 1438 δε
1616 1374 1696 1438 ma
1732 1377 1801 1439 nae

492 1472 618 1611 apud
641 1469 744 1574 suos
771 1480 1056 1574 auctoritatis
1070 1551 1085 1596 ,
1117 1490 1162 1573 &
1178 1511 1382 1614 quotum
1409 1473 1530 1575 mihi
1555 1376 1800 1615 praefislini

491 1612 657 1712 dixero
695 1622 833 1713 tanto
860 1619 1040 1753 gratior
1067 1642 1297 1753 tantoque
1323 1623 1564 1754 acceptior
1590 1611 1655 1713 est
1680 1622 1798 1715 ami-

491 1758 635 1872 ciria,
651 1756 843 1889 'quanto
874 1759 1150 1891 ceteroquin
1175 1749 1405 1852 aNostris
1426 1789 1589 1851 eorum
1604 1753 1800 1891 quidam

490 1883 643 1989 solent
668 1884 755 1993 else
781 1889 1027 1988 alieniores
1042 1964 1056 2008 ,
1086 1918 1138 1985 ut
1164 1924 1254 1987 nec
1277 1889 1426 1989 ullam
1452 1886 1594 1989 facilc
1611 1918 1802 2025 praeter-

489 2026 678 2131 mittere
701 2023 883 2126 soleant
902 2021 1232 2148 occasionem,
1261 2020 1531 2125 nostrorum
1545 2022 1801 2129 Reforma-

492 2190 650 2263 torum
688 2164 814 2267 dicta
848 2166 924 2266 vel
963 2162 1086 2264 faeta
1123 2160 1377 2304 sugillandi
1413 2194 1554 2304 atque
1590 2164 1802 2303 indignis

489 2302 646 2402 modis
674 2304 939 2427 tractandi,

558 2439 635 2541 Est
659 2451 773 2541 verd
797 2451 921 2544 inter
947 2477 1059 2565 eos,
1096 2449 1178 2582 qui
1203 2436 1425 2582 singulari
1452 2446 1670 2541 amiciriae
1691 2447 1801 2541 vin-

491 2578 602 2679 culo
644 2588 748 2717 jarn
800 2583 977 2684 iudea
1011 2586 1185 2720 viginti
1224 2589 1360 2683 annis
1395 2577 1518 2680 mihi
1554 2580 1803 2720 copulatus

488 2713 618 2844 fuit,
680 2726 898 2861 inprimis
959 2719 1282 2857 Christophorus
1341 2717 1555 2854 Augustus
1612 2727 1711 2819 HE
1725 2725 1806 2826 U·

487 2863 735 2962 MANN
754 2869 878 2984 US,
921 2858 1207 2993 Theologus
1239 2875 1285 2957 &
1311 2855 1582 2988 Polyhistor
1605 2863 1805 2953 Gottin-

491 3029 642 3133 ganus
656 3073 672 3118 ,
709 3002 805 3100 Vir
827 3036 947 3090 aarum
971 3018 1111 3101 anana
1138 3017 1264 3085 acuo:
1300 3000 1342 3091 Is
1366 2998 1433 3089 uti
1458 2990 1680 3128 praelata
1706 3000 1803 3129 epm

489 3138 544 3231 in
592 3168 738 3232 omne
782 3134 1104 3234 doctrinarum
1143 3162 1290 3264 genus
1327 3126 1433 3228 sunt
1469 3137 1678 3254 merita,
1737 3138 1805 3235 ita

492 3277 770 3411 cumprimis
806 3266 1013 3403 Historia
1050 3263 1352 3399 Ecclestasticae
1390 3296 1531 3408 atque
1568 3275 1704 3407 praeci
1740 3280 1801 3370 ue?

491 3406 831 3544 Rejormationis
855 3403 1138 3510 illustrandae
1161 3401 1294 3543 quod
1317 3406 1517 3505 multam
1545 3304 1805 3508 insumsdrit

494 3585 722 3689 operam,
751 3557 934 3690 Scripta
960 3541 1055 3681 ejus
1085 3543 1230 3644 cedro
1255 3542 1519 3684 dignissima
1545 3542 1805 3672 testantur,

492 3715 546 3788 ut
570 3685 885 3828 saepenumero
910 3719 1100 3829 quoque
1125 3682 1183 3782 ad
1211 3719 1267 3783 ea
1293 3692 1686 3822 provocaverim,
1725 3721 1804 3785 ea-

494 3861 587 3968 que
610 3825 733 3925 mihi
759 3865 860 3928 non
876 3824 1017 3927 semel
1036 3833 1212 3924 mirum
1227 3830 1279 3922 in
1296 3821 1517 3947 modum,
1544 3821 1674 3965 quod
1695 3859 1804 3962 gra·

495 3996 568 4066 tus
605 3962 854 4106 agnosco,
908 3963 1238 4105 praeluxerint:
1285 3970 1569 4087 Enimverd,
1623 3962 1802 4102 placuit

341 4199 348 4212 .
491 4102 579 4262 ips
605 4139 715 4211 cum
741 4112 969 4247 privatim
993 4131 1095 4207 tum
1120 4100 1309 4244 publice
1334 4102 1683 4207 meadmonere
1697 4134 1805 4198 ver-

1732 4233 1808 4336 bis
