4442 5150
452 661 522 740 334
638 633 1510 715 trrsrorttanvattoanri
1591 638 1761 736 anns.

451 769 563 843 sensio
579 768 651 865 (a),
670 770 758 843 adeo
775 789 817 841 ut
835 767 1016 864 Tigurina
1034 764 1119 838 urbs
1136 765 1299 838 exulibus
1318 789 1462 861 quoque
1481 784 1630 863 propter
1640 766 1763 839 Evan-

455 868 592 964 gelium
613 887 731 940 tutum
749 863 916 961 praestare
927 869 1002 963 jam
1022 882 1101 933 tum
1121 861 1518 959 potueritperfugium,
1538 863 1637 959 quod
1648 864 1765 937 Wer·

455 962 569 1035 densis
598 963 746 1035 Abbatis
764 961 931 1057 exemplo
950 960 1230 1054 comprobatur,
1256 960 1391 1055 dequo
1410 962 1459 1030 ita
1477 966 1578 1033 Amb.
1597 961 1766 1034 BLAU·

455 1059 639 1133 RERUS
658 1060 714 1147 (b)
734 1057 776 1129 ad
796 1057 1040 1152 Zwinglium:
1069 1058 1218 1147 „Pium
1239 1058 1334 1127 hunc
1354 1058 1390 1128 ὃ(
1408 1054 1493 1129 vere
1512 1057 1767 1131 Venerabilem

456 1206 483 1246 „
505 1155 713 1229 Werdenlis
741 1154 916 1228 Coenobii
943 1151 1148 1244 Abbatem,
1178 1151 1440 1243 Christianice,
1466 1155 1537 1225 hoc
1554 1154 1606 1226 est
1625 1153 1765 1251 limpli·

456 1302 483 1343 „
502 1255 593 1324 citer
617 1253 707 1323 Tibi
735 1249 976 1341 commendo,
1010 1247 1193 1324 clarislime
1218 1252 1383 1346 idemque
1410 1249 1605 1323 chariffrme
1630 1249 1739 1325 frater
1748 1282 1770 1339 ⁰,

456 1382 483 1439 „
504 1350 582 1421 Cur
606 1350 702 1420 enim
727 1347 849 1419 multis
868 1349 927 1418 Te
944 1346 1169 1419 admonerem
1187 1346 1322 1439 officii,
1348 1347 1444 1442 quod
1465 1345 1563 1420 ultro
1581 1371 1764 1445 nunquam

456 1495 485 1539 „
503 1469 576 1517 non
603 1442 831 1518 strenuiffime
858 1441 967 1515 facis?
1004 1442 1116 1514 Exilii
1144 1443 1195 1516 sui
1221 1445 1337 1516 causas
1362 1467 1407 1514 ex
1434 1443 1511 1539 ipso
1531 1444 1556 1516 fi
1575 1445 1697 1538 voles,
1720 1445 1768 1542 ad

456 1541 652 1640 „longum
680 1540 898 1638 cognosces,
932 1540 993 1636 qui
1018 1540 1125 1611 etiam
1152 1541 1348 1613 studiorum
1368 1538 1510 1613 suorum
1558 1540 1676 1616 ustum
1694 1542 1768 1616 tibi

455 1641 658 1734 „aliquem
686 1640 722 1711 lr.
740 1661 772 1711 e.
798 1637 953 1710 Psalmos
979 1636 1117 1730 aliquot
1144 1640 1300 1711 carmine
1317 1635 1475 1710 redditos
1491 1565 1701 1731 exffiibebit,
1726 1639 1766 1712 id

454 1787 483 1829 „
501 1737 598 1832 quod
626 1733 764 1809 tametfi
791 1757 864 1806 non
888 1731 977 1806 adeo
1006 1731 1173 1830 prospere
1199 1732 1377 1823 succeffit,
1414 1742 1496 1824 (nec
1521 1737 1619 1808 enim
1638 1737 1766 1833 hujus·

454 1885 482 1926 „
501 1833 599 1905 modi
618 1834 697 1906 sunt
715 1829 831 1903 versus
850 1833 968 1926 quales
986 1829 1254 1904 isthi‘cColinus
1272 1829 1408 1923 vester,
1426 1855 1501 1903 rara
1540 1834 1668 1905 uadam
1686 1831 1765 1922 sua·

455 1933 622 2020 „vitate
641 1931 678 2001 ὃ(
696 1928 869 2001 felicitate
888 1926 1025 2022 fingere
1044 1925 1148 2015 solet)
1168 1952 1240 1999 non
1259 1926 1360 2021 poffis
1380 1948 1498 2000 tamen
1516 1856 1672 2003 lludium
1690 1930 1765 2001 hoc-

411 2033 414 2037 '
454 2077 480 2117 „
501 2027 537 2098 ὃ(
570 2026 700 2121 dignos
735 2021 940 2097 Christiano
974 2025 1121 2095 homine
1156 2044 1306 2097 conatus
1343 2048 1415 2096 non
1449 2024 1598 2099 candide
1630 2024 1763 2123 proba·

502 2146 538 2192 re
557 2123 629 2194 &c
648 2174 675 2212 „
1456 2130 1458 2132 ’
1756 2141 1762 2153 ’

453 2173 484 2215 ”
501 2215 722 2308 Enimvero,
756 2216 871 2291 multa
890 2234 968 2290 turn
987 2217 1150 2291 adversus
1166 2217 1368 2314 Tigurinos
1388 2219 1464 2313 (c),
1489 2238 1530 2293 ut
1547 2242 1609 2292 eos
1625 2218 1765 2294 foedere

453 2317 641 2388 communi
660 2313 685 2388 fi
704 2336 790 2412 pote
806 2313 1062 2407 excluderent,
1088 2316 1305 2407 machinari,
1330 2337 1437 2414 atque
1453 2315 1606 2390 aliorum
1619 2339 1766 2393 exacer-

451 2410 536 2485 bare
552 2417 709 2486 animum
728 2412 890 2485 adversus
907 2412 1072 2503 eosdem,
1098 2435 1172 2484 non
1189 2412 1401 2487 desistebant
1418 2412 1552 2511 septem
1571 2416 1656 2514 pagi
1665 2416 1765 2488 Ροιιό

453 2509 583 2602 tificii,
618 2533 770 2607 quorum
796 2511 984 2582 conamina
1003 2531 1121 2583 tamen
1138 2533 1220 2608 quae
1237 2510 1341 2585 facile
1359 2512 1396 2603 in
1413 2511 1562 2607 plenum
1581 2515 1676 2605 inter
1691 2510 1766 2588 foe·

452 2606 594 2682 deratos
614 2607 763 2681 schisma
779 2606 992 2705 degenerare
1011 2606 1227 2703 potuiffent,
1253 2633 1318 2704 per
1338 2606 1549 2705 fingularem
1568 2611 1767 2708 providen-

453 2707 539 2777 tiam
560 2707 661 2779 irrita
676 2703 756 2778 sunt
773 2703 886 2791 faela3
915 2705 957 2777 N
960 2728 1015 2777 arn
1027 2707 1064 2793 ὃς
1076 2707 1114 2775 in
1131 2729 1316 2780 conventu
1333 2706 1501 2779 ordinum
1520 2709 1767 2807 ImperiiSpi·

452 2802 543 2875 tensi
570 2805 642 2877 hoe
668 2827 761 2876 anno
788 2801 970 2875 celebrato
997 2805 1058 2897 Jo.
1076 2805 1208 2897 Faber,
1233 2828 1318 2877 cum
1336 2802 1460 2878 multis
1477 2804 1646 2903 lacrymis
1662 2807 1769 2879 Prin·

453 2903 552 2995 cipes
579 2900 776 2976 obtestatus
797 2898 866 2971 effe
883 2900 1039 2992 dicitur,
1072 2950 1099 2991 „
1119 2921 1160 2973 ut
1179 2900 1202 2972 fi
1223 2902 1312 2973 nihil
1331 2901 1450 2993 aliud,
1475 2902 1546 2975 hoc
1565 2903 1686 2976 saltem
1704 2926 1766 2973 ca⁴

451 3048 481 3090 ‚,
502 3020 648 3089 vetent,
684 3020 728 3070 ne
753 2995 836 3095 ipfis
863 2996 1026 3070 Christus
1052 3017 1161 3091 atquc
1184 2995 1275 3069 adeo
1299 2995 1388 3068 salus
1413 3016 1494 3067 tota
1516 2996 1596 3089 (d),
1629 3019 1765 3091 corpo·
1830 3024 1841 3039 ‘

351 3114 353 3119 ’
454 3145 482 3186 ,,
502 3094 548 3167 ri's
584 3093 720 3168 Christi
755 3095 1031 3167 conculcatione
1056 3095 1293 3188 eriperetur,
1326 3091 1424 3189 quod
1450 3115 1547 3165 nunc
1573 3092 1629 3167 illi
1655 3093 1766 3165 moli·

451 3244 478 3283 ‚,
499 3212 647 3304 rentur,
691 3193 752 3289 qui
787 3189 901 3289 ipsum
935 3192 972 3264 in
1002 3188 1222 3290 sacramento
1247 3210 1418 3287 negarent
1442 3190 1588 3264 oraliter
1612 3190 1764 3262 mandu-

497 3315 589 3363 cari·
794 3310 796 3315 ’
1101 3304 1106 3314 ’
1192 3357 1199 3368 .

451 3343 477 3383 ”
502 3344 592 3462 Erat,
613 3343 684 3462 'lic
719 3410 858 3475 annus,
903 3381 966 3459 sub
1001 3386 1105 3483 cujus
1133 3383 1241 3457 finem
1268 3382 1409 3458 ditmar
1434 3382 1766 3459 wlTTENBn·

453 3485 619 3561 CHlUS
647 3486 796 3561 celebris
815 3483 876 3556 ille
893 3483 987 3578 apud
1007 3480 1217 3556 Biennenses
1235 3480 1494 3573 Reformator,
1520 3483 1629 3556 Anno
1647 3485 1767 3570 aetatis

454 3607 512 3677 54.
538 3589 688 3657 animam
715 3585 798 3657 Deo
817 3580 993 3670 reddidit,
1020 3581 1124 3675 cujus
1143 3599 1242 3652 tanta
1258 3581 1313 3653 uti
1333 3579 1370 3650 in
1389 3602 1534 3652 omnem
1554 3581 1604 3655 ita
1621 3604 1768 3678 quoque

452 3682 489 3750 in
509 3680 618 3777 Reip.
638 3679 823 3755 Bernensrs
842 3675 1132 3751 reformationem
1150 3675 1297 3750 fuerunt
1315 3678 1461 3769 merita,
1480 3698 1522 3749 ut
1538 3701 1578 3751 ea
1594 3678 1673 3753 satis
1683 3679 1766 3774 dig-

452 3800 500 3847 no
525 3776 729 3852 adumbrari
754 3776 926 3875 penicillo
952 3774 1141 3873 nequidem
1167 3772 1321 3871 poffint‚
1352 3776 1430 3872 ejus
1448 3778 1658 3852 memoriam
1677 3776 1766 3850 licet

813 3884 822 3901 ⁹
1073 3901 1079 3912 ’
1709 3874 1768 3947 ln·

510 4020 542 4097 a)
568 4015 755 4084 ZWING.
781 4020 810 4085 dt
829 4020 948 4085 Oecol.
967 4019 1062 4107 Epist.
1079 4018 1119 4084 ad
1137 4015 1239 4084 Conr.
1258 4009 1405 4085 Samiam
1423 4019 1483 4084 fol.
1497 4032 1569 4099 172.
1586 3993 1616 4084 a.
1666 4081 1670 4087 .

510 4106 543 4266 b}
567 4103 648 4188 apud
668 4101 917 4171 HOTTING.
942 4106 987 4170 H.
1005 4103 1045 4169 E.
1066 4102 1143 4169 Sec.
1161 4101 1261 4169 XVI.
1285 4102 1330 4166 T.
1351 4104 1394 4168 11.
1418 4126 1449 4190 p.
1464 4105 1539 4186 464.

508 4207 526 4251 c

567 4209 598 4249 v.
618 4184 866 4268 HOTTING.
890 4189 1058 4261 Hean.
1077 4188 1122 4254 G.
1146 4208 1176 4271 p.
1189 4204 1261 4269 335,
1279 4188 1352 4269 336·
1474 4245 1480 4256 .

505 4274 540 4354 d)
566 4270 759 4341 HOSPIN.
785 4271 865 4342 Hist.
891 4270 1033 4339 Sacram.
1059 4271 1139 4340 Vol.
1156 4272 1201 4338 ll.
1224 4272 1283 4338 fol.
1299 4290 1351 4353 42.
1373 4272 1406 4336 b.

492 4109 503 4181 (ᾗ

488 4206 502 4346 l
