4442 5150
463 605 534 682 280
652 603 1031 684 HISTORIA
1075 602 1515 680 EVANGELII
1605 604 1777 707 A.1524.'

462 788 490 829 „
511 739 630 833 itaque
654 763 725 812 rem
756 739 817 810 fibi
838 740 874 811 ὃ(
894 737 1003 831 Reip.
1031 736 1223 830 Tigurinae
1244 733 1357 808 fraudi
1377 735 1454 833 fore
1472 735 1661 830 dicebant,
1690 763 1775 812 cum

463 860 582 928 „non
603 829 764 932 ignorare
783 835 941 932 possent,
968 834 1098 904 nullam
1119 858 1164 904 ex
1185 834 1439 912 Helvetiorum
1459 837 1667 909 civitatibus
1685 838 1777 911 illud

464 983 491 1024 „
512 934 776 1027 permissuram,
796 954 835 1005 ut
855 932 932 1028 quis
949 932 1065 1002 civem
1085 932 1238 1026 aliquem
1257 933 1294 1001 in
1309 934 1368 1027 jus
1386 952 1548 1003 exterum
1570 934 1606 1006 ἃ
1627 934 1669 1004 ad
1691 936 1776 1009 alie·

463 1054 573 1121 „nos
602 1033 743 1126 judices
769 1049 945 1102 evocaret.
989 1027 1098 1100 Unde
1125 1027 1258 1099 saelum
1285 1029 1362 1120 est,
1396 1049 1436 1101 ut
1460 1030 1612 1123 jubente
1641 1034 1777 1106 Senatu

463 1175 491 1217 „
512 1127 600 1198 banc
629 1127 851 1224 sponsionem
882 1149 1019 1214 meam,
1053 1148 1122 1220 qua
1145 1128 1200 1196 vel
1220 1123 1425 1220 Scaphufiae
1444 1127 1502 1198 vel
1520 1126 1777 1204 saneto-Galli

462 1272 490 1314 „
508 1247 565 1295 me
591 1248 674 1295 cum
699 1225 813 1296 Eccio
831 1221 1101 1321 congressurum
1120 1220 1188 1294 esse
1207 1222 1455 1319 promiseram,
1481 1246 1650 1297 revocare
1666 1251 1776 1302 coac·

461 1368 488 1412 „
508 1341 563 1392 tus
591 1320 665 1394 sim.
701 1322 799 1394 Cum
821 1317 971 1394 verbex
992 1318 1216 1416 magistratus
1235 1320 1406 1392 sententia
1424 1345 1481 1393 me
1499 1345 1623 1394 omnes
1643 1325 1774 1398 civita·

461 1439 562 1510 „·tes
579 1439 716 1492 exteras
735 1416 977 1491 detressavisse
994 1419 1133 1488 atrdiret
1152 1417 1354 1514 Episcopus
1372 1416 1674 1511 Constantiensrs,
1701 1425 1775 1496 illi·

462 1564 488 1608 „
507 1539 553 1587 co
581 1540 642 1611 per
667 1519 783 1589 literas
804 1518 846 1588 ad
867 1516 1077 1586 Lucernana
1094 1516 1242 1587 comitia
1261 1514 1429 1611 scriptas,
1456 1515 1651 1588 institutam
1671 1518 1772 1594 illam

460 1663 489 1705 „
509 1612 670 1686 adversus
687 1639 745 1707 me
764 1614 868 1685 Eccii
886 1611 1160 1707 disputationem
1180 1607 1325 1684 differre
1344 1615 1532 1709 praecepit.
1559 1614 1774 1713 Priusquam

461 1762 490 1802 „
509 1731 626 1783 autem
654 1712 734 1783 haec
760 1711 964 1800 evenirent,
992 1708 1096 1780 Eccii
1117 1710 1229 1781 literae
1248 1707 1382 1806 semper
1400 1733 1463 1801 per
1482 1709 1654 1808 Episcopi
1674 1713 1773 1812 lega-

461 1859 489 1900 „
509 1827 566 1880 tos
585 1807 626 1879 ad
647 1810 902 1880 Helvetiorum
924 1807 1086 1899 Comitia
1103 1806 1250 1902 perlatae
1269 1806 1359 1880 sunt.
1394 1808 1503 1881 Unde
1521 1810 1636 1882 cuivis
1654 1815 1773 1910 conji-

461 1955 489 1996 „
509 1928 589 1981 cere
609 1905 716 1996 licet,
734 1930 777 1977 an
796 1905 939 1976 liberam
959 1903 1160 2000 disputandi
1179 1907 1344 2002 copiam,
1363 1906 1420 1978 vel
1440 1907 1578 2000 minus,
1596 1908 1774 1984 mibisac·

461 2052 489 2093 „
509 2004 578 2072 turi
606 2001 760 2094 fuerint,
795 2026 876 2074 curn
904 2024 1082 2096 nunquam
1110 1998 1156 2073 eb
1179 2002 1307 2075 adduci
1327 2005 1533 2099 potuerint,
1559 2007 1773 2103 qualescun-

461 2148 489 2191 „
509 2121 578 2190 que
604 2098 827 2172 conditiones
854 2123 918 2196 per
945 2121 1001 2169 me
1030 2095 1274 2191 offerrentur,
1309 2122 1350 2172 ut
1376 2100 1650 2197 disputationem
1680 2105 1773 2179 hanc

461 2247 489 2289 „
508 2197 642 2294 Tiguri
663 2217 788 2269 contra
805 2221 863 2268 me
882 2194 1116 2268 instituerent.
1161 2197 1267 2270 Hanc
1285 2200 1379 2270 enim
1398 2223 1577 2296 nunquam
1596 2200 1771 2275 detredia·

460 2345 488 2386 „
507 2296 565 2384 vi,
600 2294 655 2367 sed
682 2295 818 2390 semper
839 2294 953 2368 subire
971 2293 1021 2366 sui
1042 2315 1195 2390 paratus.
1214 2347 1241 2387 „
1275 2295 1347 2391 lpfi
1368 2293 1456 2370 verb
1476 2300 1679 2372 etiamtum
1699 2301 1771 2373 Ti·

460 2392 581 2487 gurini
608 2394 698 2465 mala
725 2394 784 2465 illa
810 2391 1087 2467 pontificiorum
1115 2392 1263 2464 consilia
1286 2393 1514 2488 subodorari,
1548 2420 1610 2492 per
1633 2397 1773 2493 legatos

459 2491 539 2562 suos
565 2491 659 2587 apud
686 2491 841 2587 reliquos
869 2491 1007 2563 ordines
1026 2488 1135 2560 Badae
1156 2513 1394 2588 congregatos
1414 2494 1530 2567 causas
1549 2493 1769 2593 exposudre,

460 2611 567 2683 quare
590 2589 818 2687 Zwinglium
846 2590 887 2661 ad
915 2612 994 2661 eum
1025 2590 1169 2660 mittere
1196 2589 1334 2660 nollent
1363 2590 1506 2683 locum,
1533 2596 1595 2688 qui
1613 2594 1772 2691 quinque

459 2686 582 2784 pagis,
601 2688 885 2779 Lucernatibus,
904 2687 1028 2777 Uriis,
1047 2687 1202 2778 Siviriis,
1215 2686 1772 2787 Underwaldis&Tugiis,om·

457 2784 562 2858 nibus
575 2785 799 2877 Pontificiis,
819 2784 985 2882 parebat,
1004 2787 1139 2880 quippe
1158 2785 1219 2878 qui
1239 2809 1360 2857 omnes
1378 2810 1459 2859 eum
1482 2791 1679 2861 inauditum
1695 2793 1770 2885 jam
1823 2872 1825 2875 ,

459 2884 722 2955 declaraverunt
745 2884 979 2973 haereticum,
1007 2882 1116 2955 libros
1134 2884 1210 2980 ejus
1230 2883 1305 2979 igni
1325 2883 1636 2977 consecraverant,
1663 2908 1773 2982 atque

458 2982 496 3049 in
520 2980 758 3051 defensionem
786 2979 870 3053 fidei
892 2978 1097 3051 Pontificiae
1117 2999 1198 3051 ante
1213 2980 1438 3073 colloquium
1458 2983 1742 3077 conspiraverant
1753 3017 1767 3071 3

459 3076 529 3172 Sed
550 3079 669 3172 potius
688 3075 812 3150 dodsos
831 3101 952 3149 omnes
970 3078 1065 3148 Bada
1085 3078 1269 3173 Tigurum
1285 3077 1495 3149 evocabant.
1532 3079 1628 3169 Qua
1649 3099 1768 3156 tamen

456 3173 639 3246 excusatio
673 3171 748 3271 qub
779 3176 894 3247 minus
923 3175 1044 3246 locum
1075 3177 1279 3266 invenerit,
1323 3173 1465 3247 obstitit
1491 3174 1769 3250 adversariorum

457 3272 649 3371 Evangelii
676 3270 895 3365 constantia,
928 3275 1103 3370 Fabrique
1130 3275 1166 3346 ὃ(
1194 3277 1289 3346 Eccir'
1307 3274 1538 3368 pervicacitas
1559 3276 1594 3345 &
1615 3298 1657 3345 nc
1678 3274 1770 3348 hanc

456 3372 682 3446 occasionem
711 3372 938 3466 opprimendi
966 3372 1189 3468 Zwinglium
1220 3370 1282 3443 fibi
1303 3389 1507 3465 paterentur
1524 3373 1636 3468 eripi,
1662 3372 1768 3447 solers

455 3468 633 3565 studium,
659 3471 713 3543 uti
731 3469 898 3567 deinceps
916 3469 959 3542 ad
979 3473 1024 3543 A.
1039 3482 1158 3564 1526,
1184 3469 1326 3563 quando
1345 3471 1595 3566 Disputationis
1609 3471 1771 3567 Badenfir

455 3568 679 3667 progressum
699 3566 960 3661 enarrabimus,
984 3591 1220 3663 exponemus.
1310 3634 1315 3647 ,

503 3674 534 3745 §.
554 3668 640 3738 CIl.
668 3666 860 3765 Quidquid
890 3665 953 3759 fit,
991 3666 1130 3739 silentio
1156 3666 1217 3736 hic
1243 3665 1523 3762 praetermittere
1548 3691 1621 3739 non
1647 3667 1768 3766 possu-

454 3783 533 3835 mus
560 3763 701 3836 eosdem
728 3766 810 3839 illos
835 3790 966 3839 novem
989 3788 1101 3862 pagos
1121 3762 1171 3855 (a)
1192 3762 1394 3858 Evangelio
1415 3767 1659 3863 maximopere
1677 3769 1768 3841 inse-

453 3857 526 3932 stos
553 3861 614 3957 qui
641 3860 704 3934 sub
731 3864 874 3940 initium
893 3864 1000 3963 hujus
1018 3861 1099 3935 anni
1123 3882 1228 3958 1524.
1255 3859 1464 3960 scripserant
1481 3865 1525 3937 ad
1543 3866 1767 4035 Tigurinoss,

1687 4013 1714 4056 rr
1747 3987 1768 4038 e

493 4178 543 4259 (a)
567 4176 816 4247 HOTTlNG.
840 4181 926 4250 Her.
950 4182 994 4251 K.
1012 4179 1057 4252 G·
1074 4198 1144 4269 pag.
1155 4196 1407 4265 200--204
1429 4174 1657 4251 RUCHAT.
1675 4176 1722 4246 T.
1738 4180 1766 4249 Ι.

450 4278 522 4350 pag.
540 4259 613 4349 268,
631 4264 705 4349 269,
723 4279 797 4347 270.
1270 4323 1280 4344 ,
