4442 5150
1000 611 1122 704 (91)

401 741 528 814 lumen
547 730 685 830 aliquod
698 730 875 806 afferamus
895 729 936 802 ad
949 736 1029 805 eum
1042 736 1181 826 locum,
1203 735 1264 832 qui
1290 734 1390 812 nobis
1416 736 1591 815 obscurior
1612 742 1677 819 esse

403 835 556 908 videtur.
607 831 714 902 Tune
738 828 829 900 enim
857 827 945 899 idem
959 827 1134 919 illedivini
1147 829 1325 917 verbiluce
1337 832 1675 911 clarissimetillustra·
1773 838 1776 843 ’

402 930 511 1006 bitur.
563 924 647 998 Dies
675 923 765 996 enim
792 920 858 994 diei
883 921 993 994 lucem
1023 919 1142 1011 affert,
1167 926 1204 997 ὃ(
1233 947 1317 997 rotae
1345 926 1415 999 istae
1443 928 1503 1001 fibi
1527 932 1674 1006 invicem

406 1025 540 1098 insertae
563 1019 692 1094 mutuis
713 1016 925 1092 connexibus
947 1017 1182 1090 sustentantur.
1232 1019 1279 1092 Et
1301 1020 1459 1092 Christus
1483 1045 1545 1095 nos
1572 1027 1675 1122 scrip-

407 1115 665 1203 turasscrutari,
690 1112 811 1186 Mosen
834 1111 1062 1208 &prophetas
1084 1112 1319 1211 legerejubet:
1343 1118 1507 1210 nusquam
1521 1142 1603 1191 vero
1617 1122 1675 1217 ju.

406 1214 499 1287 dices
526 1212 624 1306 super
648 1209 791 1283 verbum
814 1205 916 1301 ipsius
946 1207 1266 1302 constituerepraeci
1293 1209 1327 1281 it.
1377 1208 1598 1308 Quapropter
1625 1239 1675 1290 re·

369 1339 373 1343 ·
402 1303 505 1405 jeffis
515 1307 605 1379 hisce
618 1306 719 1402 nugis
731 1305 797 1377 tuis
813 1303 897 1378 hanc
919 1299 981 1372 tibi
995 1302 1224 1375 conditionem
1237 1233 1411 1376 oderimus
1436 1303 1530 1379 Ecci.
1553 1307 1675 1395 Quan-

408 1402 598 1495 documque
612 1392 707 1470 voles
726 1410 817 1478 (nam
840 1413 934 1466 certo
955 1396 1079 1468 certius
1109 1400 1205 1492 spero
1241 1397 1539 1491 prudenu'ssrmum
1558 1401 1674 1499 Tigu·

407 1498 494 1569 rinae
519 1493 664 1567 civitatis
682 1495 843 1564 Senatum
866 1489 932 1562 hoc
953 1488 1111 1563 facillime
1136 1492 1173 1563 ὅ(
1196 1489 1336 1564 libenter
1347 1492 1571 1565 admiss'urum
1592 1497 1673 1584 eise)

407 1590 457 1664 T·
486 1611 585 1662 urum
611 1588 652 1659 ad
671 1608 732 1660 nos
750 1584 900 1671 advola,
922 1604 959 1654 ut
982 1582 1154 1681 scripturae
1176 1586 1310 1657 oracula
1335 1585 1458 1682 quibus
1483 1587 1674 1664 dodtrinam

408 1706 455 1755 tro
488 1704 555 1756 ram
568 1681 796 1778 approbamus
818 1679 932 1749 audias
953 1678 1303 1774 (disputationesquas
1329 1700 1368 1752 tu
1393 1702 1487 1753 tonas
1504 1706 1571 1755 non
1585 1687 1676 1758 mul·

409 1798 486 1851 tum
509 1801 636 1850 moror.
686 1775 772 1846 Tibi
797 1772 941 1844 fortassis
956 1773 1151 1870 gladiatoria
1170 1773 1229 1844 ista
1253 1773 1430 1855 ostentatio
1452 1778 1574 1851 melius·
1595 1803 1678 1854 eon·

408 1873 518 1961 venit,
541 1872 599 1967 qui
624 1868 753 1965 semper
778 1868 867 1939 inani
890 1868 1075 1941 verborum
1089 1867 1171 1938 fuco
1193 1868 1494 1957 instruuusfursti)
1510 1873 1674 1950 &eadem

410 1967 468 2040 illa
483 1968 718 2062 scripturarum
742 1964 876 2035 macula
898 1984 1031 2035 mecum
1059 1962 1223 2035 scruteris.
1275 1963 1321 2058 Et
1350 1984 1424 2037 uter
1444 1990 1464 2039 e
1485 1965 1583 2039 nobis
1606 1972 1676 2052 ori.

409 2084 486 2133 mus
509 2086 528 2134 a
552 2061 660 2133 divini
684 2058 780 2131 verbi
794 2057 924 2131 tramite
934 2056 1131 2143 declinarit,
1162 2057 1187 2128 is
1214 2057 1472 2151 prudentissimis
1493 2061 1675 2156 Tigurinae

409 2155 555 2228 civitatis
566 2152 654 2229 'Coa
677 2151 861 2227 &Senatui
886 2148 1086 2223 standiffimo
1102 2150 1219 2247 dignas
1232 2169 1372 2246 'paenam
1401 2154 1457 2225 vel
1479 2152 1675 2252 ignominiae

411 2248 622 2345 sempiternae
640 2247 694 2323 vel
709 2251 827 2322 mortis
847 2246 964 2334 etiam,
985 2244 1154 2333 exsolvat,
1177 2268 1277 2335 prout
1290 2246 1366 2342 ipris
1391 2269 1528 2343 aequum
1541 2250 1606 2324 effe
1623 2253 1676 2324 vi·

313 2376 316 2383 ’
413 2339 608 2419 sumfuerit.
656 2344 901 2431 Adhaec‚·uter
912 2339 1064 2412 nostrum
1092 2340 1220 2445 primus
1240 2340 1675 2441 aliquidprotulerit,quod

411 2439 505 2512 trulla
529 2438 638 2512 divini
660 2436 781 2529 verbi,
804 2433 925 2510 veteris
952 2434 989 2508 δι
1019 2456 1101 2508 uoti
1128 2435 1339 2509 Testamenti
1366 2437 1571 2512 authoritate
1596 2466 1676 2537 pro·

410 2530 484 2614 bari
508 2555 567 2608 aut
597 2532 792 2607 confirmari
824 2529 949 2628 poterit
978 2583 990 2619 ,
1024 2530 1053 2603 is
1081 2528 1231 2605 srmiliter
1257 2530 1278 2605 a
1304 2531 1500 2628 prudentiff.
1550 2536 1676 2612 Senatu

410 2630 530 2703 nostro
542 2627 654 2727 dignis
680 2630 789 2726 poeois
806 2625 1064 2721 adjudicabitur,
1086 2626 1196 2714 Quod
1223 2627 1245 2697 fi
1267 2650 1357 2699 ‚vero
1379 2648 1418 2699 tu
1441 2629 1590 2726 reliquos
1611 2632 1677 2706 eti·

410 2747 469 2795 am
499 2722 679 2796 Helvetios
706 2724 785 2795 huic
819 2720 993 2796 collationi
1017 2717 1142 2791 nostrae
1170 2719 1320 2794 interesse
1350 2721 1526 2811 volueris,
1553 2724 1677 2797 labem

412 2816 574 2913 equidem
587 2813 663 2895 illos
676 2814 736 2889 tibi
747 2818 980 2893 concedemus.
1004 2813 1191 2886 Neminem
1203 2832 1312 2885 autem
1329 2812 1521 2887 mortalium
1546 2817 1598 2888 vel
1612 2816 1675 2892 tibi

411 2909 468 2986 vel
482 2909 565 2985 mihi
583 2896 958 3017 diviodverbijudicem
971 2907 1132 2982 constitui
1151 2906 1265 3002 paiiar.
1293 2907 1485 2982 illudentur
1499 2913 1604 3005 perse
1620 2912 1676 2987 so.-
1799 2917 1804 2923 ’

411 3006 484 3081 lum
502 3004 646 3106 judicari
669 3028 850 3082 convertus
878 3009 913 3077 ὃς
937 3026 1050 3078 utere
1074 3002 1173 3077 nobis
1203 3004 1288 3078 citra
1314 3004 1412 3103 hujus
1438 3006 1675 3083 authoritatem

409 3101 540 3198 aliquid
565 3099 717 3199 proferre
739 3100 939 3189 instituerit,
963 3122 1100 3196 poeuam
1123 3100 1280 3174 meruide
1291 3097 1512 3201 judicabitur.
1561 3104 1674 3180 Simul

409 3198 509 3288 etiam
533 3195 673 3271 boetibi
704 3194 848 3269 firmiter
871 3195 1060 3292 injundtum
1088 3194 1209 3285 velim,
1233 3218 1272 3269 ut
1295 3197 1585 3294 quemadmodum
1610 3224 1674 3282 noo
1733 3216 1737 3223 '

409 3293 562 3367 nostrum
578 3290 705 3365 sensum
726 3289 803 3364 solis
829 3290 1007 3387 scripturae·
1022 3290 1166 3362 oraculis
1186 3293 1403 3387 approbaturi
1428 3292 1559 3379 sumus,
1580 3296 1672 3368 itatu

412 3408 551 3484 quoque
564 3388 653 3461 idem
665 3386 783 3474 facias,
804 3384 843 3458 iis
866 3387 901 3457 in
926 3386 1110 3480 praesertim
1138 3386 1173 3459 io
1200 3388 1324 3479 quibus
1356 3386 1501 3460 multum
1526 3386 1674 3458 dubitari

407 3482 599 3557 consuevita
617 3482 655 3557 &
673 3503 752 3555 uter
774 3479 858 3555 illud
871 3504 1007 3578 quoque
1021 3478 1223 3577 neglexerit,
1245 3502 1319 3558 reus
1335 3478 1419 3554 osto.
1469 3481 1573 3553 Tunc
1582 3478 1673 3553 enim

411 3576 590 3673 (siquidem
615 3580 710 3654 adei
736 3578 843 3651 verbo
857 3582 1012 3650 aerarum
1029 3597 1179 3673 unguem
1191 3575 1487 3654 declinaverimus]
1516 3574 1675 3650 hauddu-

410 3668 466 3743 bie
486 3672 647 3747 concordi
673 3673 863 3746 am'morum
890 3671 983 3746 seusu
1005 3674 1189 3745 convenire
1215 3670 1421 3765 poterimus=
1448 3671 1543 3768 quod
1567 3668 1676 3766 ipsum

412 3786 583 3861 uunquam
607 3768 686 3854 fiet,
707 3766 730 3842 sr
755 3768 930 3841 hominum
940 3766 1065 3865 judicia
1085 3765 1295 3837 voluerimus
1315 3763 1456 3839 audires
1490 3767 1572 3840 Hoc
1592 3789 1675 3842 vero

410 3878 448 3933 tu
472 3860 631 3945 badteous
653 3861 838 3961 intelligere
863 3886 932 3936 non
954 3859 1113 3956 notuisti,
1136 3858 1289 3956 eoquod
1308 3858 1342 3933 in
1365 3860 1455 3938 bunc
1468 3861 1559 3942 diem
1571 3864 1678 3957 usqua

411 3953 558 4138 Quid&
572 3956 889 4053 .ilatbttm‚.maiorir
910 3953 1202 4123 fecistifimzper..·
1223 3973 1328 4053 quam
1340 3955 1536 4039 aittfitilrbilia
1551 3960 1682 4125 ‚arcaiag
