4442 5150
494 642 521 722 4

685 618 1066 701 HISTORIA
1109 619 1552 702 EVANGELII

547 757 603 834 18.
629 757 745 831 Extra
763 755 850 831 fines
871 754 1020 854 Imperii
1039 753 1177 826 nullum
1198 756 1360 828 ordinem
1380 758 1489 856 injus
1509 777 1628 832 vocet.

548 881 603 943 19·
630 855 872 946 QuiaRomae
891 852 1004 925 multa
1023 850 1117 925 fiunt
1135 853 1296 926 adversus
1317 853 1417 950 padla
1430 856 1608 953 quondam
1625 856 1805 933 initacum

589 949 847 1050 pontificibus,
864 949 924 1022 det
941 973 1085 1044 operam
1104 950 1197 1046 apud
1218 951 1453 1046 pontificem,
1470 977 1515 1026 ne
1533 977 1602 1051 qua
1618 952 1711 1030 fraus
1730 961 1804 1054 pri·

587 1051 729 1161 vilegiis
748 1047 834 1138 fiat,
860 1049 897 1121 bt
918 1048 1065 1142 Imperii
1085 1046 1253 1120 libertati.

543 1171 601 1222 20.
628 1147 829 1239 Quomodo
856 1166 1096 1217 mercatorum
1125 1145 1336 1241 monopolia
1360 1144 1463 1217 valde
1490 1145 1686 1243 perniciosa
1708 1150 1804 1223 Ger·

588 1245 715 1326 maniae
736 1243 893 1314 coerceri
911 1241 1084 1331 debeant,
1111 1243 1284 1314 rationem
1306 1244 1401 1318 ineat
1414 1266 1495 1315 cum
1511 1243 1745 1339 elcdloribus,
1762 1271 1805 1319 ac

588 1365 662 1415 rem
682 1340 774 1434 saepe
792 1338 1021 1410 deliberatam
1042 1339 1083 1406 ad
1103 1339 1241 1408 exitum
1262 1339 1446 1433 perducat.

541 1463 600 1514 21.
628 1439 833 1509 Portorium
861 1435 997 1506 nullum
1026 1454 1088 1506 aut
1110 1432 1263 1531 vcdligal
1284 1437 1468 1531 imponat,
1494 1434 1558 1507 nifi
1577 1434 1805 1512 affentiantur

589 1532 800 1624 Electum,
840 1555 955 1627 neque
981 1531 1092 1603 literis
1120 1532 1449 1625 commendatitiis,
1483 1532 1708 1630 elediorum,
1742 1537 1805 1634 qui

480 1676 490 1693 ·
588 1631 728 1706 suntad
748 1632 942 1721 Rhenum,
969 1627 1158 1724 vedligalia
1175 1627 1350 1701 deteriora
1368 1627 1488 1704 faciat.

543 1753 603 1805 22.
631 1730 668 1802 si
697 1753 801 1824 quam
821 1728 927 1799 habet
945 1723 1121 1798 actionem
1140 1728 1176 1797 in
1194 1726 1348 1823 aliquem
1367 1727 1552 1819 ordinem,
1581 1729 1721 1827 legibus
1739 1755 1803 1802 ex·

616 1827 768 1915 edatur,
803 1824 876 1893 vim
904 1843 1024 1894 autem
1043 1823 1177 1895 nullam
1195 1823 1359 1895 adhibeat
1378 1825 1442 1916 iis,
1468 1825 1530 1919 qui
1549 1824 1582 1897 se
1599 1829 1805 1923 cognitioni

588 1852 622 1996 ie
652 1924 764 1994 itimae
785 1918 922 1990 listunt.

543 2041 602 2117 23.
674 2020 825 2092 eminem
844 2011 976 2093 indicta
993 2013 1092 2089 causa
1110 2011 1327 2112 proscribat,
1352 2012 1409 2087 sed
1423 2015 1515 2112 juris
1531 2015 1693 2092 ordinem
1711 2019 1803 2093 ineo
1872 2006 1884 2033 ⁴

589 2115 766 2214 sequatur.

419 2242 424 2251 ·
541 2233 602 2308 24.
630 2215 778 2311 lmperii
805 2211 920 2305 bona,
947 2235 1028 2309 quae
1047 2209 1142 2285 forte
1158 2209 1361 2304 vacabunt,
1385 2208 1519 2283 nemini
1537 2208 1720 2307 conferat,
1744 2210 1803 2287 sed

589 2312 632 2386 ad
650 2313 836 2409 publicum
848 2310 1111 2409 ¹patrimonium
1131 2306 1272 2382 referat.

541 2431 601 2507 25.
628 2412 667 2484 Si
697 2433 802 2506 quam
826 2406 974 2481 alienam
1001 2407 1225 2503 provinciam
1252 2403 1393 2478 auxiliis
1418 2401 1586 2477 ordinum
1614 2406 1802 2504 acquiret,

589 2509 748 2603 Imperio
768 2509 980 2605 conjungat.

541 2613 601 2681 26.
629 2608 667 2681 Si
702 2605 888 2704 publicum
918 2602 1004 2703 quid
1031 2601 1099 2677 suis
1125 2598 1241 2701 copiis
1268 2617 1375 2701 atque
1400 2599 1524 2675 Marte
1549 2602 1802 2701 recuperabit,

588 2704 823 2803 Reipublicae
843 2701 1017 2777 restituat.

539 2822 601 2896 ²7·
626 2802 741 2897 Quod
767 2800 963 2900 interregni
988 2818 1154 2897 tempore
1179 2793 1359 2871 Palatinus
1383 2795 1422 2873 δε
1440 2796 1536 2871 Saxo
1554 2795 1702 2894 publice
1719 2820 1806 2895 ege·

493 2941 497 2948 ·
585 2901 679 2992 rint,
703 2920 820 2974 ratum
840 2898 980 2973 babeat.

535 2991 599 3070 28.
624 2995 828 3068 Confilium
846 2993 987 3068 nullum
1006 2992 1123 3079 ineat,
1149 3010 1223 3083 quo
1240 2985 1454 3083 dignitatem
1474 2985 1646 3079 Imperii,
1663 2984 1735 3058 suae
1752 2985 1805 3060 fa·

481 3138 487 3151 ·
584 3091 701 3165 miliae
726 3088 942 3187 peculiarem
961 3088 1000 3162 ὃ(
1018 3082 1279 3158 haereditariam
1297 3080 1426 3172 faciat,
1451 3077 1508 3153 sed
1526 3081 1673 3154 liberam
1693 3085 1731 3158 ὃ(
1749 3086 1805 3158 in·

583 3204 622 3260 te
650 3210 723 3260 ram
743 3185 929 3283 permittat
943 3181 1178 3281 septemviris
1194 3178 1241 3252 eli
1270 3179 1353 3250 endi
1370 3175 1602 3272 facultatem,
1615 3180 1721 3277 juxta
1732 3180 1805 3254 Ca-

585 3210 658 3362 soii
683 3282 799 3381 quarti
824 3282 941 3380 legem
967 3282 1006 3357 δι
1021 3278 1117 3373 Juris
1134 3200 1319 3351 Pontificii
1337 3273 1610 3373 praescriptum,
1636 3276 1736 3376 quod
1752 3276 1804 3352 sc·

588 3406 652 3457 cus
669 3379 803 3456 fanum
824 3377 956 3472 fuerit,
981 3378 1123 3452 irritum
1141 3373 1325 3449 habeatur.

541 3502 601 3568 29.
625 3480 706 3593 Ubi
731 3474 892 3653 primun?
916 3476 1067 3571 licebit,
1099 3478 1137 3549 in
1163 3472 1394 3551 Germaniam
1411 3470 1478 3550 sese
1495 3471 1677 3567 conferat,
1702 3473 1805 3548 inau-

587 3599 785 3682 guratronrs
803 3600 869 3657 cau
906 3631 918 3655 .
