4442 5150
451 639 523 707 290
643 545 1024 689 Hls'TortIn
1067 609 1506 690 EVANGELII
1591 615 1764 719 Adrus

454 749 513 822 slis
531 745 774 820 contuberniis
792 768 1024 841 promovere,
1042 767 1124 816 cunr
1145 744 1210 841 ipfi
1224 770 1327 842 aeque
1339 750 1662 842 acJob.Zwickin,
1682 752 1762 847 (qui

454 870 570 942 nuper
587 844 607 915 a
626 840 924 941 Ru'tlingensrbus
944 844 980 913 in
999 842 1112 914 tradtu
1133 843 1287 916 Suevico
1307 843 1473 917 instinctu
1489 844 1593 917 Fabri
1609 867 1762 944 propter

456 943 708 1039 Evangelicam
736 940 932 1013 dodlrinnm
952 940 996 1010 ab
1015 938 1139 1011 officio
1157 940 1314 1012 dimissus
1330 963 1404 1015 erat
1424 944 1499 1035 (al)
1525 943 1760 1037 potestas-da-

454 1038 560 1110 batur
586 1042 692 1112 certis
720 1040 814 1111 horis
831 1034 978 1135 publice
997 1038 1257 1124 concionandi;
1286 1039 1334 1110 Et
1353 1062 1551 1135 quanquam
1570 1038 1763 1118 zwickim

454 1137 610 1209 incertus
628 1137 743 1209 adhuc
761 1138 866 1207 animi
887 1158 970 1205 num
991 1135 1065 1205 illic
1084 1158 1224 1206 manere
1241 1136 1368 1228 vellet,
1389 1134 1422 1209 se
1432 1138 1482 1208 illi
1493 1138 1676 1209 vocationi
1686 1162 1761 1214 non
1830 1164 1832 1168 ·

456 1235 630 1327 traderet,
664 1235 851 1305 Blaurcrus
877 1251 995 1304 tamen
1021 1232 1166 1302 eandem
1195 1233 1229 1302 in
1256 1232 1289 1303 se
1316 1235 1492 1327 recipere:
1530 1235 1617 1305 Dici
1640 1256 1761 1309 autem

456 1334 604 1428 nequit,
638 1354 780 1427 quantae
808 1352 884 1402 tum
907 1330 980 1419 illi,
1005 1352 1086 1398 curn
1107 1335 1252 1402 Antonio
1272 1331 1400 1402 Pirata
1418 1330 1682 1404 cucullatorum
1700 1357 1761 1406 an·

456 1429 641 1526 tefignanu
660 1450 766 1525 atque
785 1428 1039 1499 concionatore
1058 1428 1227 1521 primario
1241 1426 1761 1528 intercesserintlitessblquod

454 1527 593 1617 Pirata,
621 1551 687 1597 nec
704 1526 815 1598 verbo
835 1526 906 1595 Dei
925 1524 1070 1594 innixus
1088 1548 1154 1595 nec
1174 1526 1429 1597 convenienter
1447 1524 1592 1598 decreto
1612 1527 1764 1603 Senatu

455 1622 757 1712 constantiensis,
777 1622 950 1694 sermones
969 1618 1046 1692 suos
1063 1620 1350 1694 contentiosos&
1363 1622 1650 1720 inEvangelium
1666 1627 1761 1722 inju-

453 1722 525 1793 rios
550 1720 593 1791 ad
621 1722 796 1817 populum
824 1716 983 1790 ch'utirct
1005 1719 1125 1813 potius
1143 1740 1247 1814 quam
1266 1715 1488 1811 effunderet,
1513 1743 1647 1817 eosque
1663 1722 1764 1798 miris

455 1817 663 1914 quibusdam
691 1817 848 1888 flosculis
867 1835 1055 1887 exornaret
1074 1839 1108 1886 v.
1125 1838 1163 1913 g.
1186 1817 1273 1911 quod
1287 1817 1424 1908 Maria,
1450 1837 1617 1912 tanquam
1636 1837 1762 1894 mater·

456 1918 530 1988 cula
556 1915 717 2009 quadam
743 1913 879 1982 adorari
896 1911 1062 2001 deberet,
1088 1915 1240 2007 quodque
1257 1936 1298 1985 ea
1316 1933 1481 2012 tanquam
1499 1916 1680 1989 mediatrix
1697 1917 1766 1990 de·

456 2009 557 2081 beret
585 2008 796 2080 confiderari
823 2008 916 2080 inter
941 2006 1126 2081 Christum
1147 2010 1185 2082 ὅ(
1203 2010 1387 2103 homines,
1411 2012 1537 2084 eodem
1556 2011 1766 2110 modoque>

456 2104 622 2178 Christus
637 2107 728 2177 intcr
747 2107 868 2179 Deum
887 2105 924 2178 ὃς
943 2103 1104 2176 homines
1123 2106 1298 2180 mediator
1314 2130 1409 2181 erat:
1437 2111 1522 2205 quod
1537 2132 1599 2202 en,
1620 2109 1708 2207 'quip

455 2226 538 2300 qua·
561 2202 744 2275 Christum
766 2204 889 2275 Vitam
907 2199 1060 2273 nostram
1078 2203 1265 2299 peperisset
1285 2206 1357 2279 &c.
1384 2230 1527 2304 quoque
1544 2204 1661 2280 nostra
1723 2225 1764 2282 ct

455 2300 567 2393 Vita,
593 2299 668 2398 spes
687 2302 758 2375 &c
787 2302 844 2373 Ex
864 2299 916 2389 his
933 2301 1028 2372 enim
1047 2319 1153 2396 atque
1172 2299 1341 2374 similibus
1359 2304 1604 2378 locutionibus
1621 2303 1659 2378 id
1673 2328 1765 2379 con·

455 2396 553 2496 sequi
579 2399 729 2492 urgebat
755 2399 962 2471 Blaurerus:
999 2400 1084 2492 quod
1109 2398 1171 2494 qui
1190 2423 1416 2495 peromnem
1435 2402 1545 2475 vitant
1563 2402 1766 2500 voluptati·

454 2495 520 2567 bus
538 2494 755 2589 indulfisset,
775 2499 802 2568 is
819 2498 971 2569 recitato
988 2495 1094 2567 unice
1112 2497 1323 2592 quotidiano
1340 2495 1402 2571 suo
1415 2500 1494 2572 Ave
1509 2498 1628 2574 Maria
1645 2519 1767 2576 tamen

387 2588 392 2602 ’
455 2592 580 2667 salvari
607 2592 770 2667 deberet:
799 2597 885 2691 quod
909 2595 937 2667 is
962 2595 1024 2689 qui
1048 2593 1106 2666 vel
1131 2593 1362 2668 latrocinatur
1388 2594 1505 2695 fuisset
1530 2606 1766 2768 peromnem

455 2693 590 2782 vitam,
623 2711 764 2783 tamen,
791 2694 854 2764 ubi
880 2694 1026 2764 unicum
1054 2689 1283 2764 solummodo
1301 2694 1393 2766 diem
1413 2692 1532 2767 sabbat
1561 2696 1628 2769 iin
1646 2697 1766 2771 hono·

454 2813 531 2863 rem
550 2791 594 2864 B.
606 2788 769 2887 Virginis
784 2787 992 2886 jejunasset,
1012 2786 1033 2859 i
1050 2790 1195 2887 reliquis
1212 2789 1346 2863 absolvi
1357 2791 1522 2880 deberet,
1550 2798 1766 2890 quaomnia

454 2909 550 2958 verae
575 2908 694 2960 tamen
720 2885 764 2957 de
788 2886 840 2957 sui
866 2886 1125 2982 abnegatione,
1160 2889 1196 2960 δι
1215 2889 1259 2960 de
1275 2889 1424 2961 amando
1441 2893 1650 2984 proximum
1670 2891 1767 2968 srcut

453 2980 625 3075 seipsum,
642 2980 816 3053 dodlrinae
827 2981 1038 3055 Christianae
1056 2981 1164 3054 essent
1182 2985 1326 3057 inimica
1339 2988 1412 3061 &c
1440 2988 1540 3060 Nam
1552 2989 1588 3064 &
1600 2992 1765 3088 cumpri-

454 3077 524 3150 mis
551 3076 595 3148 de
621 3077 806 3149 calumniis
832 3079 963 3150 Piratae
990 3079 1027 3149 in
1053 3075 1217 3152 dodiores
1245 3080 1433 3182 Evangelii
1452 3085 1764 3185 conquerebatur,

456 3183 549 3274 quast
567 3175 592 3245 ii
608 3171 837 3247 solummodo
856 3173 965 3246 hilare
981 3197 1023 3246 ac
1040 3173 1164 3248 festive
1181 3179 1374 3252 vivendum
1392 3181 1460 3254 elle
1478 3183 1672 3278 docerent,
1696 3208 1770 3261 nee

454 3296 548 3370 opus
572 3271 641 3346 esse
666 3270 832 3369 precibus
858 3293 924 3345 nec
947 3271 1112 3370 jejuniis,
1137 3283 1227 3371 quast
1244 3276 1514 3353 Testamentum
1535 3281 1589 3354 N.
1608 3283 1645 3353 in
1663 3284 1769 3360 mille

455 3373 626 3453 trecentis
651 3371 740 3445 locis
759 3368 1016 3469 corrupissent,
1043 3369 1147 3470 seque
1163 3372 1248 3446 durn
1267 3377 1493 3451 matrimonia
1511 3380 1771 3457 contraherent

1652 3477 1769 3554 sacer·

498 3600 547 3676 (a)
573 3600 682 3680 Quam
714 3597 840 3663 'causam
864 3597 925 3681 ipse
950 3596 1116 3663 Zwicltius
1140 3601 1224 3666 edito
1247 3599 1357 3666 libello
1383 3601 1425 3666 A.
1446 3605 1537 3684 1526.
1579 3603 1775 3674 subtituto..

458 3677 576 3756 Sebrist
592 3705 631 3741 an
640 3685 713 3770 fyne
730 3681 935 3745 unterrhanen
951 3703 996 3748 zu
1012 3683 1188 3767 Rridlingen
1206 3685 1267 3748 dcc.
1291 3686 1441 3768 exposuit.

499 3764 551 3840 (b)
584 3759 701 3844 Estque
733 3783 802 3830 turn
830 3768 896 3829 haec
918 3785 966 3830 res
990 3786 1055 3830 non
1079 3769 1160 3848 apud
1186 3767 1337 3832 Senatum
1361 3766 1631 3836 Constantiensem
1653 3771 1770 3841 solunt

457 3846 586 3927 agitata,
609 3844 660 3907 sed
678 3847 707 3909 a
723 3849 784 3929 ipsc
800 3848 986 3928 Blaurerus,
1011 3850 1156 3932 ungulari
1173 3849 1285 3932 scripto
1301 3868 1399 3917 totam
1414 3855 1503 3918 illam
1514 3855 1687 3920 helionem
1703 3877 1770 3940 pu-

457 3929 601 4005 blicavit,
625 3928 680 3990 sub
697 3931 729 3992 tir
741 3951 753 3994 :>
774 3932 922 4012 Warhast
936 3931 1053 3995 berithi
1069 3932 1123 4004 der
1139 3931 1275 3995 handlun
1312 3935 1486 4016 zwtfchenr
1501 3938 1626 4002 Bruder
1642 3939 1766 4004 Antho-

456 4035 518 4103 ψ
532 4011 644 4097 Vicary
662 4011 814 4156 Predifier
829 4019 935 4078 ordens
952 4020 994 4078 r'm
1011 4014 1106 4078 hohen
1114 4018 1189 4100 strft
1204 4039 1248 4082 zu
1288 4008 1426 4100 onstdntz
1444 4023 1510 4085 und
1515 4021 1651 4100 Ambrofi
1657 4020 1761 4086 Blau-

456 4120 528 4159 rem
553 4118 608 4159 vor
632 4096 732 4156 ainem
785 4097 901 4174 rsamen
918 4100 1003 4163 Raht
1018 4100 1139 4183 dafi’ibfl
1154 4100 1327 4182 beschehens
1345 4104 1400 4186 uff
1410 4105 1467 4166 den
1484 4107 1536 4168 ain
1553 4106 1621 4168 und
1632 4105 1762 4172 anain-

457 4171 961 4348 ffsiffianlagppqssfflinmonars
978 4184 1182 4268 Ann01525..
1199 4205 1230 4267 4.
1255 4205 1287 4251 u.
1307 4182 1506 4256 SCHELH
1524 4189 1661 4258 Amoen.
1678 4188 1766 4275 litera.
1795 4245 1797 4248 ⁴
