4442 5150
1075 597 1221 689 (¹06)

549 720 597 794 hil
616 720 854 815 imminutum,
874 742 934 798 aut
951 723 1142 796 detraelum
1156 721 1275 810 velim,
1302 744 1454 818 quorum
1470 722 1576 824 jull'ui
1593 724 1632 800 &
1650 723 1822 800 voluntati

550 838 606 888 me
636 818 763 916 semper
789 819 944 916 subjicio.
993 817 1146 892 sienim
1179 816 1233 888 hae
1259 840 1401 913 quoque
1424 821 1659 908 conditiones,
1691 820 1820 915 quibus

550 932 607 982 me
624 914 664 983 ad
676 934 957 1010 exterasquoque
968 911 1118 982 civitates
1138 907 1265 1000 offero,
1289 910 1424 1009 legibus
1447 916 1483 987 &
1496 913 1820 1009 libertati,adooque

551 1002 722 1077 loederum
736 1031 877 1102 quoque
887 1005 1078 1078 authoritati
1090 1006 1204 1098 aliqua
1225 1029 1268 1078 err
1290 1029 1385 1099 parte
1407 1008 1519 1080 obelle
1543 1008 1688 1104 pollent,
1714 1007 1781 1078 illis
1806 1060 1819 1096 ,

551 1119 590 1170 ut
608 1097 682 1172 haec
695 1125 767 1172 mea
788 1125 851 1196 pru
869 1102 925 1175 lua
945 1099 1121 1197 prudentia
1146 1101 1184 1170 &
1204 1099 1346 1175 confilio
1363 1101 1559 1190 immutent,
1583 1103 1729 1174 liberum
1747 1099 1815 1175 effe

552 1193 645 1264 volo.
680 1194 787 1286 Quod
808 1195 831 1267 sr
852 1219 966 1267 veroe
991 1219 1036 1280 o,
1057 1216 1162 1286 quem
1178 1192 1276 1265 Deus
1293 1193 1498 1268 Helvetium
1511 1195 1600 1268 msci
1613 1194 1740 1282 voluit,
1754 1193 1817 1290 qui

537 1286 699 1384 ¹denique
721 1291 915 1362 communis
982 1286 1117 1359 elveaiae
1143 1287 1282 1358 nomine
1306 1311 1376 1358 non
1407 1314 1511 1384 parva
1539 1291 1718 1384 pericula,
1745 1309 1817 1361 non

550 1383 696 1479 exiguos
717 1382 846 1456 labores
859 1381 1018 1470 sustinui,
1041 1402 1111 1452 non
1132 1398 1264 1451 tantum
1281 1382 1372 1474 apud
1386 1406 1448 1454 vos
1469 1384 1650 1489 impetrare
1668 1380 1817 1478 pullum,
1890 1403 1898 1408 ·

551 1495 591 1546 ut
610 1477 800 1572 Disputatio
817 1478 922 1551 haeca
935 1476 1066 1557 Badera
1076 1473 1121 1546 ad
1131 1493 1220 1545 tanta
1233 1480 1380 1570 porentia
1392 1478 1428 1549 &
1442 1480 1552 1576 glorta
1565 1475 1744 1550 instruilas
1756 1498 1817 1547 ur·
1940 1541 1942 1545 .

551 1566 610 1640 ber
624 1570 856 1662 transferatur,
877 1570 1011 1645 interim
1027 1593 1110 1641 vero
1136 1568 1234 1640 Eoeii
1255 1569 1292 1649 &
1315 1569 1419 1642 Fabri
1432 1592 1568 1667 (quasa
1586 1574 1702 1665 primis
1720 1565 1816 1642 annis

551 1661 798 1739 Helvetiorum
824 1667 918 1766 genti
940 1667 977 1739 ὃ(
1000 1663 1143 1736 libertati
1161 1661 1393 1737 infenfiffimos
1410 1664 1507 1739 suillo
1524 1665 1670 1748 constat)
1686 1661 1814 1766 insidiae

551 1775 683 1830 tantum
701 1761 791 1854 apud
805 1786 867 1832 vos
877 1758 1088 1831 authoritatis
1104 1757 1283 1846 obtinent,
1310 1781 1349 1832 ut
1367 1759 1507 1831 illorum
1529 1761 1618 1832 votis
1639 1760 1676 1833 &
1688 1755 1812 1831 dolofit

551 1853 698 1924 confiliis
709 1876 837 1924 morem
849 1853 1036 1951 gerendum
1052 1850 1345 1939 effeexistimeris,
1363 1855 1421 1923 cui
1433 1879 1502 1924 noo
1513 1852 1685 1924 bonorum
1697 1851 1815 1925 latissi·

550 1965 647 2016 mum
671 1945 757 2018 mala
781 1968 931 2041 quaeque
956 1943 1143 2038 suspirandi
1158 1965 1318 2035 campum
1340 1946 1519 2038 aperietis?
1542 1947 1716 2043 praecipue
1732 1969 1815 2019 cum

549 2036 718 2110 Badenam
739 2040 820 2110 rnihi
843 2059 911 2109 ram
933 2038 1083 2131 iniquam
1105 2037 1141 2108 &
1156 2035 1376 2130 periculosam
1397 2038 1545 2110 audient.

600 2134 708 2228 Spero
720 2133 868 2230 denique
884 2156 927 2206 err
940 2132 1007 2203 loci
1020 2129 1154 2202 dekou
1167 2128 1264 2202 ircile
1272 2130 1492 2204 animadverti
1504 2132 1692 2229 polle,num
1704 2133 1746 2209 ad
1759 2133 1813 2206 di,

549 2223 1813 2324 sputarionemhancverostudio&pietatisrelo,&noninfidiosepotius,isti

548 2320 704 2397 homines
715 2323 869 2419 aspirent.
891 2318 1273 2394 Necenimmultorum
1285 2321 1813 2420 sermoneshicmoramurtqua·

452 2469 457 2475 .
548 2413 845 2512 lescunqueetiam
859 2416 912 2487 isti
924 2415 1006 2503 fint,
1028 2413 1211 2510 disputatio
1222 2432 1334 2486 tamen
1352 2417 1427 2489 haec
1438 2441 1512 2489 mea
1523 2419 1565 2490 dc
1575 2417 1671 2490 causa
1684 2415 1814 2513 potiffi·

547 2532 645 2608 mum
661 2511 811 2586 instituta
831 2510 892 2584 est.
915 2509 1026 2608 Atqui
1036 2531 1099 2582 nos
1111 2506 1253 2604 quidem
1266 2529 1332 2584 tres
1345 2512 1501 2586 civitates
1512 2511 1611 2591 vobis
1626 2509 1819 2602 offerimur,

469 2674 473 2683 .
546 2627 693 2704 quarum
706 2606 847 2706 singulae
868 2606 1042 2706 &gloria,
1058 2602 1292 2701 majestate,
1318 2609 1354 2680 &
1371 2608 1538 2703 potentia,
1559 2607 1815 2702 omuideuique

544 2702 786 2776 commoditate
798 2703 901 2802 longe
911 2698 1157 2791 praellantiores
1169 2697 1262 2790 sunt,
1284 2724 1437 2798 quamea
1453 2728 1533 2800 quae
1544 2702 1629 2775 milri
1642 2703 1814 2798 propolim
1853 2744 1857 2750 ·

543 2798 602 2874 est.
629 2797 867 2906 Quapropter,
892 2796 918 2871 fi
942 2796 1071 2871 vero&
1085 2791 1202 2899 sanilo
1214 2795 1248 2866 in
1262 2798 1418 2892 pietatem
1430 2819 1464 2871 et
1482 2797 1680 2891 religionem
1699 2798 1813 2870 studio

543 2892 634 2965 istud
658 2893 788 2967 consilii
808 2893 999 2964 institutum
1021 2889 1089 2974 est,
1120 2889 1187 2958 loci
1211 2892 1354 2960 mutatio
1376 2892 1461 2963 illud
1481 2913 1612 2961 mutare
1635 2914 1812 2982 nunquam

568 2986 678 3057 oterir.
699 2987 836 3055 lnterim
850 3001 1064 3055 veroomnes
1087 3001 1151 3048 vos
1171 3003 1234 3049 oro
1248 2981 1462 3067 etobsecro,
1483 3006 1526 3052 ne
1550 2982 1677 3074 scripto
1693 2983 1813 3054 nostro
1867 3015 1872 3022 ⁴

541 3007 647 3243 {pt
661 3076 840 3240 lilla
854 3076 1035 3238 aiau
1049 3066 1261 3235 suma
1274 3072 1811 3261 ratrautrlturrltr

541 3192 670 3352 ora’tiri,
690 3285 803 3335 veram
826 3192 942 3359 picei]
967 3258 1005 3332 ἃ
1027 3255 1296 3330 benevolentiam
1324 3259 1492 3333 conciliat.
1543 3261 1580 3333 H
1610 3262 1747 3355 pocrifis
1772 3265 1811 3338 &

541 3357 706 3457 puerilior
722 3381 834 3430 rerum
858 3352 1023 3426 enarratio
1050 3354 1182 3446 semper
1201 3374 1280 3425 vere
1296 3351 1557 3427 infelicillrmum
1577 3284 1680 3428 linem
1699 3357 1810 3430 sortiri

539 3457 577 3530 δι
595 3454 676 3528 nihil
690 3476 759 3528 non
772 3449 965 3526 calamitatis
976 3450 1116 3552 gignere
1139 3445 1234 3519 solet.
1282 3448 1381 3521 Deus
1403 3449 1493 3545 Opt.v
1516 3451 1614 3523 Max.
1634 3470 1702 3524 tam
1710 3453 1806 3543 Vos,

540 3574 644 3649 quam
659 3551 824 3624 honorem
837 3548 872 3619 &
885 3544 1155 3616 incolumitatem
1174 3542 1319 3614 vestram
1340 3543 1401 3616 libi
1424 3544 1691 3618 commendatam
1707 3548 1806 3621 habe·

587 3646 685 3736 κῆδε
697 3644 741 3720 ab
751 3641 846 3717 omni
858 3638 1077 3715 discordiae&
1090 3634 1301 3711 diffidiorum
1316 3639 1471 3735 periculo
1486 3642 1572 3714 tueri
1584 3640 1760 3739 dignetur,

820 3741 947 3816 Amen.
970 3732 1100 3902 Tippri
1117 3731 1223 3805 XXl.
1246 3735 1276 3803 A
1305 3733 1387 3808 rilis.
1409 3736 1513 3808 Anno

1022 3882 1037 3902 .
1078 3826 1154 3904 .D.
1176 3825 1254 3905 XX
1294 3828 1322 3900 l.

1731 4013 1812 4094 No.
