4442 5150
766 570 1460 701 uuNovnut.¹
1614 644 1744 728 aa

435 756 545 860 pituli
572 756 760 844 Decanus3
796 753 912 829 Porro
940 757 1112 850 Jehannes
1140 759 1294 830 Vannius
1311 757 1738 857 Friburgenlis·Cantor,

432 883 478 931 ex
506 857 608 953 cujus
634 854 677 926 ad
705 855 929 950 Zwingliunr
955 856 1036 925 data
1063 853 1225 949 Epistola
1252 857 1394 954 liquet,
1430 881 1535 954 quarn
1563 858 1592 929 is
1620 881 1739 931 rerum

432 956 539 1028 etiam
560 956 597 1024 in
615 951 841 1024 Germanicis
858 950 1027 1023 Eccleliis
1046 975 1129 1047 quae
1148 951 1384 1048 gerebantur,
1403 953 1510 1026 suerit
1525 955 1677 1048 cupidus
1688 955 1738 1050 (a)

431 1052 518 1124 dum
543 1052 637 1121 inter
651 1048 718 1119 alia
735 1073 780 1120 ex
798 1048 985 1144 Zwinglio
1001 1049 1262 1143 sciscitabatur,
1286 1053 1476 1145 aesceretne
1493 1055 1540 1123 ibi
1558 1055 1662 1124 Euan
1682 1057 1746 1125 elii<

424 1151 645 1246 pradicatio,
664 1171 708 1217 an
724 1147 943 1238 decresceret?
969 1144 1037 1218 Sed
1049 1146 1268 1239 &Jobannes
1281 1079 1740 1244 KetherusOrganlstab‘ri·

431 1243 616 1342 burgenfis
630 1245 722 1337 piam
736 1244 771 1315 &
783 1241 969 1314 masculam
981 1243 1022 1312 ad
1034 1241 1258 1338 Zwinglium
1271 1263 1346 1314 tum
1359 1247 1456 1315 dedit
1467 1245 1650 1339 epistolam
1663 1246 1739 1338 (ir),

430 1343 468 1414 in
487 1365 555 1438 qua
575 1343 611 1414 &
630 1340 805 1436 Zwinglii
825 1338 1005 1412 collaudat
1023 1339 1181 1430 labores,
1203 1341 1263 1433 qui
1279 1340 1384 1425 semen
1400 1345 1495 1413 verbi
1510 1348 1547 1414 in
1563 1344 1659 1414 corda
1678 1345 1738 1415 bu·

428 1444 555 1514 minum
581 1439 748 1533 injiciebat
774 1438 817 1518 [fi
842 1462 881 1507 ex
907 1435 1009 1526 officia
1034 1437 1076 1516 {9²
1103 1460 1212 1509 amore
1238 1439 1428 1531 Christiane
1441 1444 1592 1533 fitientes
1608 1444 1773 1524 animas,

428 1539 568 1611 ducebat
585 1537 750 1629 adaquas
766 1541 889 1621 vivas,
912 1535 1083 1630 dequibus
1100 1533 1247 1628 expressi
1263 1538 1505 1633 Euangelium,
1524 1537 1608 1632 qubus
1622 1546 1679 1633 qui
1696 1560 1737 1608 a·

429 1659 512 1731 quas
533 1638 611 1707 illas
628 1635 771 1722 biberet,
797 1655 962 1726 nunqnam
980 1635 1121 1724 amplius
1133 1637 1265 1721 fitiret,
1290 1633 1362 1712 &a
1374 1696 1377 1703 .
1390 1636 1425 1706 &
1445 1633 1615 1725 testatur,
1633 1631 1746 1730 semet·

338 1728 347 1745 “
429 1729 535 1828 ipsum
559 1731 734 1803 earundem
760 1752 923 1823 aquarum
932 1733 995 1821 stn‘
1009 1733 1114 1821 premi
1124 1759 1136 1812 3
1165 1728 1258 1801 &de
1278 1732 1424 1803 Lutheri
1439 1732 1590 1802 debirina
1607 1730 1738 1824 refert,

430 1827 529 1922 quod
554 1851 592 1901 en
615 1854 655 1900 tx
674 1822 944 1922 mellifluamase,
971 1827 1081 1896 Paulo
1099 1822 1174 1895 scil.
1191 1831 1241 1917 stt
1258 1827 1398 1920 haustu,
1425 1827 1592 1923 quodque
1609 1853 1680 1901 eum
1698 1855 1738 1903 ea

420 1925 610 2020 faculenta
627 1948 721 2021 aqua
740 1923 920 2012 Tiberine,
946 1925 1059 2014 crrtffie
1076 1925 1242 2017 quippe&
1253 1924 1455 2020 caliginosa,
1480 1929 1531 1997 ita
1548 1943 1585 1996 ut
1600 1952 1637 2000 ne
1647 1926 1736 2022 fun·

429 2025 490 2095 dus
516 2024 644 2119 quidem
672 2023 783 2119 uideri
809 2037 928 2115 queat,
963 2017 1204 2115 consisterenen
1216 2024 1355 2115 poffint:
1384 2023 1431 2093 Et
1450 2018 1622 2118 denique,
1648 2027 1737 2117 Jam

429 2121 582 2213 tandem,
597 2118 736 2211 jaddir,
768 2119 880 2210 radias
891 2118 1022 2214 fulgere
1039 2118 1165 2189 divina
1176 2125 1319 2214 gratia,
1346 2121 1429 2192 unde
1446 2117 1618 2217 observare
1635 2124 1677 2205 (ἐ
1694 2148 1737 2194 a·

429 2219 672 2290 nimadotrtere
696 2221 782 2288 civis
807 2219 927 2305 liceat,
956 2238 1122 2310 penqnas
1148 2216 1303 2289 hebenus
1327 2220 1494 2313 umbrosas
1519 2222 1738 2293 traditionum

429 2319 535 2390 valles
552 2317 705 2387 declublus
721 2316 809 2406 effet.
839 2316 955 2384 Romu
973 2313 1058 2383 banc
1069 2313 1179 2384 deberi
1194 2317 1420 2386 calamitatem
1429 2317 1501 2396 &a
1527 2316 1649 2411 Atque
1658 2318 1738 2390 haec

428 2411 480 2486 est
506 2413 620 2503 ratio,
653 2414 750 2506 quod
772 2414 818 2482 B.
836 2413 998 2483 Hallerns
1016 2411 1062 2479 A.
1078 2429 1180 2504 1523.
1207 2410 1320 2485 Berna
1337 2411 1377 2481 ad
1397 2409 1621 2508 Zwinglium
1640 2415 1737 2486 hunc

427 2510 472 2590 in
492 2509 666 2599 modum,
692 2510 730 2579 de
746 2512 888 2596 vicinis,
913 2505 1102 2595 scriberet,
1128 2507 1264 2600 nostris,
1289 2507 1439 2604 quisunt
1456 2511 1635 2608 Friburgi,
1660 2514 1738 2585 beni

429 2609 530 2701 spero.
573 2606 635 2689 Eli
661 2607 731 2677 illic
744 2625 848 2699 preco
868 2606 1092 2701 Euangelicus
1110 2605 1184 2696 (c),
1211 2609 1269 2699 qui
1279 2626 1341 2699 pro
1358 2605 1511 2699 modestia
1520 2607 1587 2701 sua
1604 2625 1739 2683 tantum

422 2701 557 2798 profuit
584 2699 694 2796 (sorte
712 2702 783 2800 legi
803 2701 908 2774 debet
921 2700 1108 2795 profecit,)
1135 2704 1214 2774 ut'b
1232 2705 1357 2797 Senatu
1374 2704 1514 2775 editbum
1521 2710 1594 2799 fit,
1619 2724 1738 2802 quate·

427 2826 489 2874 nus
515 2801 617 2874 liberi
637 2800 860 2896 Evangelinm
876 2802 1009 2889 doceat,
1022 2802 1137 2870 ·tacito
1152 2807 1263 2873 tumen
1279 2802 1428 2875 Lutberi
1443 2807 1592 2888 nominet

474 2896 652 2996 Lepidam
672 2895 781 2991 veris,
801 2920 882 2994 quae
903 2898 939 2969 in
948 2897 1079 2993 vulgus
1087 2898 1287 2991 emanavit,
1305 2898 1528 2997 atqueetiam
1537 2899 1738 2973 ouncmul·

426 3015 548 3071 torum
567 2999 694 3072 teritur
710 2994 891 3087 sermone,
911 2995 970 3067 hic
990 3009 1272 3096 commemorare
1290 2994 1445 3072 fabulam
1466 2996 1520 3091 (d)
1540 3022 1612 3070 non
1628 2995 1737 3073 abste

426 3097 514 3168 erit:
551 3096 732 3170 Referunt
759 3094 854 3166 enim
883 3092 1015 3167 Fribur
1041 3092 1158 3186 enses,
1183 3091 1316 3167 fastum
1335 3096 1525 3193 aliquando
1545 3093 1668 3185 suille,
1693 3118 1736 3172 ut

425 3194 597 3291 permulti
626 3218 670 3266 ex
698 3191 765 3264 suis
792 3189 931 3264 civibus
956 3116 1224 3264 Reiormationi
1243 3191 1422 3284 faverent,
1447 3212 1524 3267 tum
1543 3192 1630 3267 vero
1648 3195 1736 3265 Ber·

425 3291 571 3383 nenses,
602 3292 632 3363 F
634 3286 896 3386 riburgensrum
921 3290 1056 3459 xippe
1072 3289 1339 3364 consoederatos
1358 3293 1396 3365 &
1414 3293 1603 3382 concives,
1629 3291 1736 3362 vehe-

425 3390 538 3459 menti
564 3388 606 3459 ad
633 3411 693 3461 eos
720 3386 850 3483 scripta
875 3410 896 3457 e
916 3386 935 3480 ⁸i
970 3387 1026 3458 ola
1043 3385 1087 3459 ab
1105 3385 1273 3460 instituto
1288 3411 1348 3460 eos
1366 3388 1548 3461 dehortari
1565 3383 1737 3479 coepisse,-

427 3479 586 3592 succelsu
612 3507 684 3556 non
709 3484 798 3558 adeo
825 3410 1033 3558 srullraneo.
1083 3483 1268 3579 Deinceps
1294 3480 1412 3573 vero,
1454 3499 1593 3555 mutata
1616 3503 1737 3555 renum
1831 3533 1838 3540 -

1019 3580 1094 3656 Hb
1123 3602 1141 3677 3
1660 3576 1734 3655 sce·

470 3776 520 3857 (a)
545 3769 700 3839 HOTT.
723 3773 915 3843 Sec.XV1.
939 3775 975 3842 P.
996 3776 1039 3843 11.
1062 3796 1094 3863 p.
1108 3770 1183 3860 393.

469 3863 521 3939 (b)
547 3855 702 3923 HOTT.
726 3862 749 3922 l.
765 3881 795 3926 e.
818 3884 849 3946 p.
867 3878 938 3943 390,
958 3877 1029 3944 391.
1477 3919 1479 3926 .

469 3948 522 4025 (c)
548 3942 637 4009 Cum
662 3960 781 4007 nornen
803 3945 957 4010 reticuerit
974 3945 1144 4023 Hallerns,
1168 3942 1343 4008 admodum
1360 3942 1489 4010 difficile
1504 3943 1560 4010 erit
1576 3944 1734 4027 divinatu,

430 4032 497 4112 quis
515 4030 570 4092 ille
587 4026 698 4106 fuerit,
722 4026 775 4089 ulfi
792 4026 895 4108 sorti,
919 4027 1021 4093 morlo
1038 4043 1255 4093 memoratum
1269 4027 1426 4110 indigitet,
1448 4029 1503 4111 Jo.
1520 4027 1739 4109 Houlardum,

429 4115 481 4175 cui
505 4133 583 4179 cum
606 4109 811 4175 Bernenfibus
835 4116 1022 4177 multasset
1046 4111 1251 4192 familiaritas,
1276 4114 1397 4197 quique
1406 4114 1554 4200 deinceps
1571 4111 1737 4198 Evangelii

429 4195 605 4265 maiorum
621 4196 702 4278 egit,
725 4192 808 4261 mR
853 4191 1253 4278 GHAT..T.1..9.34.,
1408 4249 1410 4256 .
1623 4211 1625 4215 ‘

470 4278 524 4361 (d)
549 4280 737 4347 Confutavit
754 4297 823 4346 eam
877 4274 1285 4364 UCHAT.p.150,151'.
1371 4321 1373 4328 ·
