4442 5150
773 642 1412 722 RENOVATI.
1679 659 1752 748 267

429 786 499 876 ster
525 783 601 877 (a),
641 779 862 877 Witeberga
887 779 1036 851 domum
1064 774 1246 869 reversus,
1283 778 1321 851 &
1349 776 1570 875 Walfgangur
1589 779 1749 877 Ulmian,
1875 835 1883 851 .

440 881 648 952 Monachus
674 903 787 973 nuper
814 876 1017 967 Curienfis,
1047 876 1204 970 itemque
1220 877 1418 948 Dominicus
1435 879 1545 968 Zilli,
1571 877 1747 953 Ludima·

439 977 549 1074 gister
560 1010 573 1063 ς
609 977 690 1047 Hos
712 978 748 1045 in
766 976 916 1047 veritate
936 972 1155 1070 Evangelica
1173 969 1264 1043 mire
1281 973 1539 1046 confirmarunt
1557 977 1625 1047 Leo
1642 978 1748 1069 Judae

439 1077 642 1172 Tigurinus
671 1074 707 1146 δι
736 1077 810 1148 Seb.
828 1070 1030 1165 Hofmer'ster
1048 1066 1291 1164 Scaphusanus
1312 1068 1559 1161 Ecclelialles,
1585 1077 1647 1169 qui
1665 1075 1747 1149 illac
1871 1106 1876 1111 ·

424 1181 522 1243 'cum
549 1170 680 1244 iufedla
707 1195 744 1242 re
769 1171 813 1240 ab
836 1167 1149 1256 Abbatiscellanis,
1183 1169 1238 1238 uti
1254 1168 1420 1262 deinceps
1439 1169 1663 1262 uidebimus,
1689 1197 1746 1246 re·

438 1271 579 1360 ditent,
615 1287 832 1340 transeuntes
860 1287 989 1362 rogatu
1016 1265 1150 1335 civium
1177 1261 1257 1335 sunt
1283 1267 1501 1337 concionati.
1553 1266 1632 1361 lpse
1658 1266 1745 1342 verb

438 1367 587 1438 Senatus
615 1362 926 1454 San-'Gallensrs,⁴
944 1363 1046 1454 cujus
1073 1361 1272 1432 moderatio
1299 1359 1482 1458 fingularis
1508 1363 1543 1434 in
1570 1383 1652 1436 toto
1681 1365 1744 1438 illo

437 1463 601 1558 procella
620 1461 803 1552 laudatur,
822 1474 866 1532 ne
882 1484 964 1532 curn
986 1456 1381 1530 tumultuReformatio
1397 1460 1606 1554 procederet
1619 1459 1743 1535 sedulo

436 1561 605 1652 curabat,
638 1584 748 1656 eaque
774 1579 923 1656 propter
949 1554 1057 1628 noeto
1081 1579 1144 1651 per
1162 1576 1278 1628 certos
1297 1556 1456 1628 homines
1475 1575 1516 1628 ut
1534 1580 1579 1628 ex
1599 1561 1745 1656 templis

435 1654 674 1730 aufferrentur
697 1658 843 1746 statuae,
869 1653 1075 1741 ordinabat,
1101 1653 1300 1749 usquedum
1319 1652 1441 1725 sensam
1460 1653 1594 1748 eaedem
1613 1655 1743 1731 ablatae

436 1753 548 1824 ellent
566 1779 706 1846 omnes,
733 1751 875 1851 quando
895 1749 999 1823 limul
1017 1747 1099 1848 iplis
1118 1750 1336 1845 pastoribus,
1363 1769 1403 1823 ut
1420 1748 1558 1847 populo
1577 1752 1744 1830 Verbum

438 1850 511 1922 Dei
538 1850 627 1948 pur&
654 1854 909 1924 annunciarent
937 1847 1016 1942 (b),
1060 1847 1341 1943 injungebatur:
1385 1848 1483 1944 Qtae
1511 1869 1682 1944 praeterea
1708 1854 1746 1925 in
1848 1878 1851 1882 ’

434 1951 668 2023 commodum
689 1972 884 2048 pauperum
905 1947 941 2019 &
960 1943 1133 2018 Ecclesrae
1153 1947 1319 2018 decorem
1339 1945 1499 2018 ordinata
1518 1944 1619 2040 suut,
1637 1947 1681 2021 de
1699 1950 1743 2024 iis

433 2046 488 2117 uti
516 2045 553 2116 in
580 2046 804 2144 sequent-ibus
827 2045 990 2144 quadam
1010 2041 1274 2134 monebuntur,
1301 2044 1351 2115 ita
1370 2043 1487 2140 legere
1504 2043 1591 2117 licet
1609 2044 1743 2121 librum

433 2144 577 2237 Joannis
598 2146 737 2218 Kesleri
756 2146 800 2219 de
819 2142 947 2215 ritibus
967 2142 1004 2214 ὃς
1022 2139 1195 2213 institutis
1213 2141 1387 2213 Ecclesiae
1407 2141 1686 2217 San-Gallensrs.
1788 2229 1793 2236 .

482 2241 616 2336 Neque
642 2262 763 2313 autern
789 2240 831 2310 ad
860 2235 901 2310 Ti
922 2245 1033 2311 urinas
1058 2256 1197 2309 tantum
1225 2239 1263 2312 &
1290 2238 1533 2336 Scaphusanos,
1565 2239 1624 2312 sed
1642 2242 1679 2315 &
1697 2239 1743 2315 ad

425 2265 955 2412 nssssATlsCELLANds
990 2335 1136 2407 nornine
1161 2335 1212 2406 X.
1240 2358 1414 2430 pagorum
1441 2336 1551 2409 fiebat
1579 2337 1743 2434 legatio,

430 2435 486 2507 sed
507 2435 665 2508 successu
683 2460 807 2530 parurn
827 2453 1024 2528 exoptato,
1051 2434 1173 2528 prouti
1192 2431 1469 2528 insequentibus
1487 2432 1701 2508 videbimus.

408 2562 415 2585 ι
482 2532 868 2606 MULHUSANOS
889 2547 963 2626 prae
984 2529 1130 2625 reliquis
1147 2528 1314 2602 omuibus
1332 2530 1369 2599 in
1387 2533 1626 2628 expurgandis
1638 2532 1742 2631 sacris

432 2629 622 2725 diligentes
648 2629 748 2702 fuiffe
773 2654 813 2701 ac
833 2630 1011 2719 strenuos,
1037 2625 1161 2698 audlor
1178 2628 1355 2700 Chronici
1376 2629 1427 2718 (c)
1447 2630 1654 2704 Mulhusani
1674 2656 1742 2705 no·

431 2724 485 2797 bis
504 2726 634 2812 refert,
665 2723 861 2820 Enimvero
879 2724 940 2798 sub
960 2726 1176 2821 principium
1198 2723 1303 2821 hujus
1321 2725 1424 2814 anui,
1451 2726 1625 2818 Clericis,
1651 2748 1740 2820 „ut

431 2876 456 2915 „
478 2825 607 2919 procul
634 2823 702 2896 elle
723 2825 892 2921 juberent
911 2822 1151 2913 concubinas,
1177 2823 1235 2894 vel
1253 2845 1309 2895 eas
1328 2824 1363 2894 in
1383 2823 1653 2896 matrimonium
1672 2823 1741 2897 du·

427 2973 454 3011 „
475 2944 655 3015 cerent„,
682 2921 980 3020 praecipiebatur,
999 2942 1107 3016 atque
1128 2919 1229 2993 fimut
1248 2922 1393 3016 publica
1407 2920 1605 3019 prostibula
1616 2920 1739 2996 abole-

427 3020 577 3113 bantur,
604 3047 687 3094 cum
710 3023 892 3109 Decreto,
918 3046 961 3092 ne
979 3044 1134 3113 unquam
1154 3019 1383 3118 vel'unqttam
1401 3044 1441 3092 ea
1458 3019 1624 3117 deinceps
1644 3020 1738 3098 tole·

427 3140 598 3192 rarentur.
642 3120 706 3191 Est
727 3117 816 3189 verb
835 3118 1011 3190 etiamribi
1030 3118 1267 3215 Colloquium
1287 3118 1493 3214 religionis,
1518 3121 1676 3193 evocatis
1694 3119 1739 3192 ad

428 3216 461 3285 id
491 3218 700 3310 quibusdam
732 3217 830 3288 Viris
859 3214 988 3287 Dodlis
1015 3215 1291 3309 Bafileenfibns,
1326 3216 1569 3306 celebratum,
1603 3218 1739 3310 dequo

427 3332 545 3386 tamen
572 3318 674 3412 plura
700 3314 802 3387 nobis
829 3337 901 3385 uon
928 3313 1091 3480 constpnp
1119 3335 1267 3411 propter
1292 3314 1594 3387 documentorum
1624 3333 1738 3420 perru-

1115 3434 1135 3481 ι
1650 3430 1738 3480 rram

469 3602 517 3680 (a)
543 3600 787 3670 SCULTET.
813 3630 842 3692 p.
862 3625 931 3688 224.
964 3603 1090 3668 Notatu
1116 3603 1207 3686 digna
1223 3604 1266 3666 est
1288 3604 1343 3666 illa
1364 3618 1461 3680 qnam
1480 3598 1638 3664 Pontificii
1655 3598 1738 3685 spat-

427 3685 530 3747 serunt
556 3685 594 3747 de
618 3688 678 3751 hoc
704 3691 844 3756 Kelileto
863 3710 976 3774 rquem
993 3688 1162 3753 insubrum
1181 3688 1321 3751 ararium
1340 3685 1393 3766 qui
1413 3683 1581 3747 Helvetico
1599 3684 1737 3751 idomate

428 3769 548 3850 Keffler
572 3775 759 3854 appellatur,
791 3774 1065 3851 transformabant)
1090 3772 1266 3848 calumnia,
1291 3770 1448 3845 dicenteS,
1472 3789 1540 3829 eum
1556 3768 1658 3834 ubertis
1676 3769 1738 3840 suis

426 3857 567 3937 regiones-
588 3874 781 3943 quascunque
796 3876 1000 3943 pervagatum
1019 3854 1205 3920 San-Gallis
1215 3851 1398 3934 substitiffe,
1421 3852 1522 3940 ibique
1539 3854 1571 3914 in
1588 3870 1738 3939 compota·

426 3940 520 4085 pprip3
525 3938 680 4020 publicam
703 3935 835 4023 babuiffe
858 3944 1046 4022 concionem,
1079 3959 1177 4022 quam
1201 3924 1448 4002 HOTTING.
1471 3936 1604 4020 retudit,
1636 3938 1735 4002 Helv.

462 4068 467 4080 .
526 4070 532 4081 .
558 4039 673 4104 p.195.

485 4125 518 4202 b)
546 4118 817 4186 HOFMANN.
841 4122 872 4185 in
888 4121 962 4187 Ref.
982 4107 1122 4206 Sangall.
1146 4121 1227 4205 apud
1244 4120 1336 4185 Hott.
1362 4119 1404 4185 K.
1424 4118 1468 4184 G.
1493 4117 1606 4204 p.181.

506 4223 517 4299 l

424 4127 480 4364 n,l
533 4223 624 4370 >apud
649 4216 804 4283 HOTT.
829 4220 928 4283 Helv.
954 4222 996 4285 K.
1016 4221 1059 4285 G.
1084 4223 1197 4305 pido.
1228 4222 1314 4290 conf·
1340 4220 1493 4306 quaejam
1510 4220 1549 4283 de
1566 4217 1736 4299 Mulbusa·

447 4321 469 4365 rs

484 4240 504 4384 ξ
572 4305 665 4371 CIV.
690 4325 719 4387 p.
738 4321 811 4387 255,
829 4304 900 4383 256.
925 4305 1117 4373 tradidimus.
