4442 5150
515 597 586 675 296
704 579 1090 661 ulsTotttA
1132 574 1577 654 EVANGELII
1656 575 1824 680 ΛΑΜ.

514 765 542 806 ,,
563 715 603 787 srs
655 739 815 805 roceres,
849 709 1098 784 definiendam.
1140 709 1346 805 Deinceps,
1380 707 1413 781 se
1440 707 1531 781 intra
1552 706 1661 781 breve
1679 728 1824 804 tempus

515 862 543 903 „
562 739 695 885 Basilea
719 810 972 899 excessurum,
1004 831 1049 880 ne
1075 806 1226 898 amplius
1254 807 1316 876 isso
1336 808 1555 899 privaretur,
1582 807 1679 900 quod
1698 807 1719 879 al
1736 809 1824 882 Cae·

514 958 543 998 ,‚
562 908 633 981 sare
670 909 827 998 habebat·
854 906 1001 995 salario,
1044 905 1212 998 quodque
1236 905 1309 995 jam
1336 925 1398 997 per
1423 904 1601 997 integrum
1629 905 1824 982 triennium

518 1052 545 1094 „
566 1004 630 1103 ipst
658 1004 882 1100 persolutum·
903 1025 977 1074 non
1003 1019 1101 1084 erat3
1138 998 1252 1091 Ipsas,
1288 995 1397 1094 porro
1416 999 1589 1091 addebat,
1615 1021 1731 1092 partes
1748 1003 1824 1077 liti·

515 1150 544 1190 „
562 1121 686 1198 gantes
702 1102 850 1172 nimium
871 1124 946 1196 prae
965 1095 997 1169 se
1012 1094 1103 1167 ferre
1117 1091 1289 1186 fervoris,
1306 1115 1413 1190 atque
1425 1097 1634 1190 ultraquam
1645 1097 1824 1176 satishanc

515 1201 829 1287 „contentionem
856 1195 1043 1292 protelare.
1088 1191 1223 1288 Neque
1250 1213 1368 1264 tamen
1394 1187 1526 1263 ultimo
1553 1192 1586 1264 se
1603 1195 1654 1265 ita
1669 1196 1824 1275 alienum

514 1343 542 1384 ‚‚
560 1294 628 1368 else
661 1294 684 1385 al¹
704 1296 845 1391 judicio
871 1291 934 1366 suo
962 1289 1043 1388 ipfis
1070 1288 1309 1383 impertiendo
1334 1287 1536 1379 referebat,
1578 1310 1619 1360 ut
1644 1291 1717 1387 ipsa
1741 1294 1824 1368 offi-

516 1440 543 1482 „
562 1395 638 1484 cia,
665 1391 794 1489 quibus
812 1391 906 1487 apud
926 1384 1156 1477 Bastleeuses,
1174 1386 1322 1457 durante
1340 1384 1410 1457 suae
1425 1388 1720 1462 commorationis
1728 1393 1823 1488 apud

400 1516 403 1521 ·
517 1537 545 1581 „
565 1488 656 1585 ipsos
676 1511 858 1584 tempore,
883 1484 1021 1584 gavisus
1038 1501 1137 1573 erat,
1162 1482 1198 1552 id
1217 1504 1361 1578 quoque
1378 1479 1635 1579 efflagitarent:
1655 1537 1682 1578 „
1721 1489 1757 1562 ls
1773 1476 1826 1566 ita

519 1585 662 1658 demum
687 1584 902 1678 judicabat,
940 1581 1017 1655 Sibi
1043 1579 1157 1652 videri
1191 1579 1221 1651 Ι.
1248 1578 1436 1669 Quantum
1463 1579 1506 1651 ad
1532 1579 1669 1653 causam
1696 1584 1824 1681 impri-¹

517 1684 730 1755 mendomm
758 1683 955 1770 librorum,
989 1700 1134 1773 aequum
1160 1699 1234 1747 non
1257 1674 1347 1767 esse,
1372 1696 1414 1747 ut
1433 1674 1504 1748 sine
1521 1677 1725 1753 discrimine
1742 1683 1824 1777 qui·

516 1781 569 1850 vis
596 1782 905 1875 imprimerentur,
939 1774 995 1848 sed
1023 1772 1121 1871 posse
1147 1792 1266 1844 tamen
1292 1769 1375 1844 tuti>
1403 1775 1562 1869 imprimi
1586 1773 1697 1848 libros
1713 1779 1824 1868 Pessi·

516 1882 591 1948 cani
612 1877 660 1964 (a)
688 1879 725 1949 ὅ(
753 1875 1021 1965 oecolampadii:
1058 1871 1258 1966 Imagines,
1293 1871 1467 1963 Cantica,
1502 1872 1826 1972 Chrismaaliaque

516 1975 593 2065 ejus
612 1975 749 2068 generis
768 1975 860 2043 inter
879 1993 931 2041 res
951 1962 1190 2039 indifferentes
1207 1966 1327 2038 haberi
1347 1965 1456 2062 posse.
1489 1968 1669 2062 Apprime
1686 1995 1825 2069 oppor-

519 2088 647 2138 tunum
665 2067 755 2159 esse,
775 2068 799 2139 sr
817 2067 859 2138 ad
879 2062 1128 2138 resarciendam
1145 2062 1389 2135 Concordiam
1410 2065 1503 2136 inter
1519 2067 1735 2161 Helvetios,
1752 2072 1824 2143 Ti·

516 2167 653 2260 gutinis
671 2190 710 2236 ea
729 2189 808 2261 quae
829 2166 923 2235 circa
942 2160 1085 2234 Missam
1105 2161 1143 2231 &
1164 2161 1339 2256 imagines
1356 2160 1433 2233 asta
1449 2183 1572 2255 crant,
1598 2167 1823 2242 remitteren-

517 2282 597 2353 tur,
632 2286 742 2357 usque
765 2264 807 2334 ad
828 2260 987 2334 Concilii
1005 2255 1207 2329 universalis
1225 2260 1550 2347 convocationem
1583 2261 1697 2359 Quod
1716 2263 1740 2334 fi
1759 2290 1824 2338 au·

518 2378 588 2431 tem
618 2360 789 2455 Tigurini
815 2359 872 2430 vel
900 2359 954 2430 his
980 2379 1052 2428 non
1079 2355 1243 2426 contenti
1268 2354 1398 2449 essent,
1425 2381 1497 2429 non
1516 2378 1633 2432 tamen
1650 2358 1739 2433 utile
1753 2361 1824 2438 effe

517 2476 559 2528 ut
586 2455 720 2528 bellum
750 2460 784 2528 in
811 2455 902 2551 ipsos
928 2453 1182 2549 susciperetur:
1219 2453 1365 2548 APapa
1383 2451 1488 2526 facile
1507 2479 1650 2553 quoque
1668 2455 1825 2533 obtineri

518 2551 617 2648 polle
635 2555 940 2627 Communionem
960 2550 1023 2624 sub
1043 2569 1192 2644 utraque
1210 2546 1337 2645 specie.
1367 2551 1418 2624 ΙΙ.
1440 2553 1575 2650 Neque
1592 2551 1739 2651 difficile
1756 2556 1825 2631 esse

516 2651 565 2721 im
595 2671 711 2724 etratu
739 2653 902 2750 Papalem
931 2652 1027 2722 circa
1053 2647 1153 2718 cibos
1181 2647 1503 2743 dispensationem,
1537 2675 1620 2724 cum
1647 2656 1826 2750 ejusmodi

516 2676 788 2845 dispensationes
822 2749 915 2844 apud
951 2747 1058 2819 ltalos
1085 2744 1251 2818 omnibus
1277 2743 1387 2818 ferme
1414 2747 1689 2846 quadragesimis
1715 2752 1826 2828 essent

514 2846 666 2919 venales.
708 2848 779 2919 lll.
807 2844 1014 2919 Consultius
1032 2839 1100 2913 esse
1118 2861 1158 2912 ut
1177 2840 1342 2937 quidam,
1369 2844 1454 2916 vitae
1471 2844 1704 2920 sustentandae
1722 2850 1826 2946 igna-

516 2945 567 3031 ri,
596 2945 631 3013 in
651 2943 733 3037 ipsrs
752 2942 912 3015 claustris
930 2939 1225 3012 conventualibus
1243 2939 1500 3013 retinerentur:
1528 2944 1588 3017 De
1605 2945 1742 3040 reliquo
1761 2971 1824 3019 ve·

516 3033 581 3126 rb,
605 3040 662 3109 ves
678 3040 843 3111 Comitia
859 3038 1007 3134 imperii
1025 3034 1081 3106 vel
1101 3034 1309 3107 Concilium
1330 3038 1532 3131 quoddam,
1552 3038 1653 3112 facili
1671 3045 1824 3137 negotio

517 3132 667 3206 Clericis
688 3137 895 3230 permittere
913 3132 1010 3229 posse
1028 3132 1220 3228 conjugia,
1247 3135 1404 3227 itemque
1424 3136 1668 3232 Monialibus‚
1693 3159 1735 3210 ut
1755 3139 1823 3213 fic·

517 3230 578 3303 ubi
598 3232 753 3324 vellent,
779 3231 889 3304 libere
907 3228 1144 3302 conventibus
1162 3232 1258 3300 exire
1278 3232 1438 3327 possent,
1465 3233 1537 3304 &e

563 3336 593 3411 §.
615 3330 720 3402 CVl.
748 3328 857 3425 Apud
885 3326 1293 3401 GLARONENSES
1322 3330 1446 3401 eodem
1470 3330 1542 3402 hoc
1558 3356 1650 3405 anno
1669 3330 1824 3407 solenni·

515 3425 581 3498 bus
600 3427 668 3500 illis
689 3424 965 3526 processionibus
984 3426 1019 3495 in
1039 3422 1128 3496 festo
1148 3423 1408 3499 resutrce'tionis
1428 3426 1586 3521 Christi,
1605 3430 1722 3504 versus
1734 3431 1824 3505 Ere·

515 3526 682 3597 mitanam
712 3525 900 3621 Virginem
931 3521 1064 3594 institui
1093 3546 1330 3618 magnacum
1359 3549 1492 3622 pompa
1511 3530 1721 3626 magnisque
1739 3554 1824 3603 cum

514 3619 688 3694 sumtibus
710 3623 822 3697 solitis
840 3620 1050 3696 austotitate
1067 3620 1235 3718 publica,
1261 3645 1398 3695 remora
1416 3625 1643 3721 injiciebatttt
1662 3626 1731 3722 (b).
1773 3628 1825 3702 Et

1720 3748 1824 3799 Com·

556 3875 605 3955 (a)
631 3874 853 3944 RUCHrlT.
878 3879 923 3946 T.
942 3883 967 3946 l.
991 3904 1020 3966 p.
1038 3897 1109 3963 322.
1133 3878 1240 3942 babet:
1265 3879 1307 3941 let
1324 3880 1419 3945 liures
1436 3884 1473 3947 de
1488 3885 1645 3949 Pomerart
1661 3886 1702 3959 δέ
1719 3888 1752 3948 d’
1762 3886 1823 3951 Oe·

514 3957 702 4044 colampade,
727 3961 777 4025 sed
797 3963 856 4043 legi
873 3968 983 4046 procus
1001 3966 1089 4029 omni
1105 3962 1201 4027 dubio
1218 3962 1308 4027 debet
1325 3966 1360 4026 de
1377 3966 1531 4030 Pelsican.
1549 3969 1821 4035 Pellicanusenim

514 4056 583 4107 tnrn
609 4063 740 4125 qnoque
763 4045 888 4111 Bastseae
912 4049 1106 4127 versabatur,
1132 4046 1229 4127 &ipst
1248 4046 1382 4113 Erastno
1400 4052 1431 4117 in
1449 4053 1653 4119 conficiendo
1668 4053 1775 4120 ludite
1789 4053 1823 4118 in

513 4127 694 4214 Hieronrmi
711 4127 817 4209 Opera
831 4148 926 4216 atque
942 4132 972 4195 in
991 4132 1135 4195 Plinium
1153 4132 1240 4195 dabat
1255 4152 1393 4217 operam.

556 4218 606 4300 (b)
631 4218 878 4289 HOTTING.
902 4221 947 4287 H.
965 4221 1008 4286 K.
1027 4221 1071 4289 G·
1096 4241 1271 4329 pagam·¹
