<?xml version="1.0" encoding="UTF-8"?>
<!DOCTYPE html PUBLIC "-//W3C//DTD XHTML 1.0 Transitional//EN"
    "http://www.w3.org/TR/xhtml1/DTD/xhtml1-transitional.dtd">
<html xmlns="http://www.w3.org/1999/xhtml" xml:lang="en" lang="en">
 <head>
  <title>
</title>
<meta http-equiv="Content-Type" content="text/html;charset=utf-8" />
  <meta name='ocr-system' content='tesseract 3.04.00' />
  <meta name='ocr-capabilities' content='ocr_page ocr_carea ocr_par ocr_line ocrx_word'/>
</head>
<body>
  <div class='ocr_page' id='page_1' title='image "./introductioinhi01gerdgoog_0289.png"; bbox 0 0 4442 5150; ppageno 0'>
   <div class='ocr_carea' id='block_1_1' title="bbox 435 574 1832 742">
    <p class='ocr_par' dir='ltr' id='par_1_1' title="bbox 435 574 1832 742">
     <span class='ocr_line' id='line_1_1' title="bbox 435 574 1832 742; baseline 0.006 -37"><span class='ocrx_word' id='word_1_1' title='bbox 435 574 603 726; x_wconf 56' lang='lat' dir='ltr'>mm.</span> <span class='ocrx_word' id='word_1_2' title='bbox 767 625 1409 706; x_wconf 70' lang='lat' dir='ltr'>Renovare</span> <span class='ocrx_word' id='word_1_3' title='bbox 1677 607 1832 742; x_wconf 55' lang='lat' dir='ltr'>m·</span> 
     </span>
    </p>
   </div>
   <div class='ocr_carea' id='block_1_2' title="bbox 375 758 1805 2232">
    <p class='ocr_par' dir='ltr' id='par_1_2' title="bbox 375 758 1805 2232">
     <span class='ocr_line' id='line_1_2' title="bbox 432 758 1745 857; baseline 0.008 -22"><span class='ocrx_word' id='word_1_4' title='bbox 432 763 516 836; x_wconf 88' lang='lat' dir='ltr'>dem</span> <span class='ocrx_word' id='word_1_5' title='bbox 544 785 637 836; x_wconf 90' lang='lat' dir='ltr'>anno</span> <span class='ocrx_word' id='word_1_6' title='bbox 665 760 759 835; x_wconf 86' lang='lat' dir='ltr'>cirea</span> <span class='ocrx_word' id='word_1_7' title='bbox 787 758 895 833; x_wconf 81' lang='lat' dir='ltr'>finem</span> <span class='ocrx_word' id='word_1_8' title='bbox 924 758 1051 832; x_wconf 83' lang='lat' dir='ltr'>mensis</span> <span class='ocrx_word' id='word_1_9' title='bbox 1072 760 1206 857; x_wconf 85' lang='lat' dir='ltr'>Aprilis</span> <span class='ocrx_word' id='word_1_10' title='bbox 1224 763 1392 838; x_wconf 83' lang='lat' dir='ltr'>ministris</span> <span class='ocrx_word' id='word_1_11' title='bbox 1411 765 1477 838; x_wconf 90' lang='lat' dir='ltr'>suis</span> <span class='ocrx_word' id='word_1_12' title='bbox 1495 789 1535 840; x_wconf 85' lang='lat' dir='ltr'>ac</span> <span class='ocrx_word' id='word_1_13' title='bbox 1554 766 1745 849; x_wconf 86' lang='lat' dir='ltr'>sacerdoti·</span> 
     </span>
     <span class='ocr_line' id='line_1_3' title="bbox 433 858 1744 965; baseline 0.005 -33"><span class='ocrx_word' id='word_1_14' title='bbox 433 861 501 935; x_wconf 88' lang='lat' dir='ltr'>bus</span> <span class='ocrx_word' id='word_1_15' title='bbox 518 862 620 960; x_wconf 84' lang='lat' dir='ltr'>gravi</span> <span class='ocrx_word' id='word_1_16' title='bbox 639 858 717 932; x_wconf 92' lang='lat' dir='ltr'>fatis</span> <span class='ocrx_word' id='word_1_17' title='bbox 729 858 860 932; x_wconf 72' lang='lat' dir='ltr'>Edisto</span> <span class='ocrx_word' id='word_1_18' title='bbox 880 861 1107 930; x_wconf 83' lang='lat' dir='ltr'>matrimonia</span> <span class='ocrx_word' id='word_1_19' title='bbox 1125 860 1408 953; x_wconf 80' lang='lat' dir='ltr'>interdicebant,</span> <span class='ocrx_word' id='word_1_20' title='bbox 1427 887 1554 962; x_wconf 80' lang='lat' dir='ltr'>arque,</span> <span class='ocrx_word' id='word_1_21' title='bbox 1575 867 1671 965; x_wconf 89' lang='lat' dir='ltr'>siqui</span> <span class='ocrx_word' id='word_1_22' title='bbox 1684 874 1744 946; x_wconf 86' lang='lat' dir='ltr'>de·</span> 
     </span>
     <span class='ocr_line' id='line_1_4' title="bbox 431 955 1746 1064; baseline 0.009 -33"><span class='ocrx_word' id='word_1_23' title='bbox 431 960 739 1057; x_wconf 86' lang='lat' dir='ltr'>prehenderentur</span> <span class='ocrx_word' id='word_1_24' title='bbox 765 980 915 1029; x_wconf 87' lang='lat' dir='ltr'>uxorem</span> <span class='ocrx_word' id='word_1_25' title='bbox 945 955 1102 1047; x_wconf 81' lang='lat' dir='ltr'>duxisse,</span> <span class='ocrx_word' id='word_1_26' title='bbox 1128 957 1269 1028; x_wconf 82' lang='lat' dir='ltr'>eosdem</span> <span class='ocrx_word' id='word_1_27' title='bbox 1288 961 1332 1031; x_wconf 90' lang='lat' dir='ltr'>ab</span> <span class='ocrx_word' id='word_1_28' title='bbox 1350 959 1473 1032; x_wconf 81' lang='lat' dir='ltr'>officio</span> <span class='ocrx_word' id='word_1_29' title='bbox 1493 969 1746 1064; x_wconf 82' lang='lat' dir='ltr'>removebant,</span> 
     </span>
     <span class='ocr_line' id='line_1_5' title="bbox 431 1055 1743 1156; baseline 0.011 -29"><span class='ocrx_word' id='word_1_30' title='bbox 431 1078 606 1156; x_wconf 75' lang='lat' dir='ltr'>praeterea</span> <span class='ocrx_word' id='word_1_31' title='bbox 622 1081 665 1127; x_wconf 89' lang='lat' dir='ltr'>ne</span> <span class='ocrx_word' id='word_1_32' title='bbox 683 1076 846 1151; x_wconf 85' lang='lat' dir='ltr'>tempore</span> <span class='ocrx_word' id='word_1_33' title='bbox 865 1055 1156 1152; x_wconf 70' lang='lat' dir='ltr'>quadragesimali</span> <span class='ocrx_word' id='word_1_34' title='bbox 1177 1055 1552 1151; x_wconf 77' lang='lat' dir='ltr'>promiscuecarnibus</span> <span class='ocrx_word' id='word_1_35' title='bbox 1564 1062 1743 1141; x_wconf 88' lang='lat' dir='ltr'>vesceren-</span> 
     </span>
     <span class='ocr_line' id='line_1_6' title="bbox 429 1151 1744 1250; baseline 0.008 -23"><span class='ocrx_word' id='word_1_36' title='bbox 429 1165 521 1247; x_wconf 80' lang='lat' dir='ltr'>tur,</span> <span class='ocrx_word' id='word_1_37' title='bbox 565 1173 626 1227; x_wconf 87' lang='lat' dir='ltr'>aut</span> <span class='ocrx_word' id='word_1_38' title='bbox 661 1153 852 1250; x_wconf 86' lang='lat' dir='ltr'>quidquam</span> <span class='ocrx_word' id='word_1_39' title='bbox 882 1154 1042 1224; x_wconf 85' lang='lat' dir='ltr'>adversus</span> <span class='ocrx_word' id='word_1_40' title='bbox 1068 1151 1265 1225; x_wconf 71' lang='lat' dir='ltr'>landiorum</span> <span class='ocrx_word' id='word_1_41' title='bbox 1295 1159 1558 1230; x_wconf 78' lang='lat' dir='ltr'>invocationem</span> <span class='ocrx_word' id='word_1_42' title='bbox 1587 1159 1744 1239; x_wconf 84' lang='lat' dir='ltr'>facerent</span> 
     </span>
     <span class='ocr_line' id='line_1_7' title="bbox 432 1251 1743 1350; baseline 0.009 -26"><span class='ocrx_word' id='word_1_43' title='bbox 432 1252 589 1326; x_wconf 73' lang='lat' dir='ltr'>sollicite</span> <span class='ocrx_word' id='word_1_44' title='bbox 617 1251 880 1350; x_wconf 65' lang='lat' dir='ltr'>prohibebant,</span> <span class='ocrx_word' id='word_1_45' title='bbox 911 1251 1044 1344; x_wconf 87' lang='lat' dir='ltr'>Neque</span> <span class='ocrx_word' id='word_1_46' title='bbox 1063 1271 1180 1322; x_wconf 88' lang='lat' dir='ltr'>tamen</span> <span class='ocrx_word' id='word_1_47' title='bbox 1199 1255 1234 1322; x_wconf 94' lang='lat' dir='ltr'>in</span> <span class='ocrx_word' id='word_1_48' title='bbox 1255 1275 1423 1326; x_wconf 75' lang='lat' dir='ltr'>uxoratos</span> <span class='ocrx_word' id='word_1_49' title='bbox 1442 1257 1668 1330; x_wconf 78' lang='lat' dir='ltr'>solummodo</span> <span class='ocrx_word' id='word_1_50' title='bbox 1687 1262 1743 1336; x_wconf 89' lang='lat' dir='ltr'>led</span> 
     </span>
     <span class='ocr_line' id='line_1_8' title="bbox 431 1347 1742 1451; baseline 0.005 -26"><span class='ocrx_word' id='word_1_51' title='bbox 431 1351 471 1425; x_wconf 70' lang='grc' dir='ltr'>δί</span> <span class='ocrx_word' id='word_1_52' title='bbox 498 1352 620 1423; x_wconf 87' lang='lat' dir='ltr'>ineos</span> <span class='ocrx_word' id='word_1_53' title='bbox 647 1352 708 1447; x_wconf 92' lang='lat' dir='ltr'>qui</span> <span class='ocrx_word' id='word_1_54' title='bbox 736 1348 955 1421; x_wconf 88' lang='lat' dir='ltr'>concubinas</span> <span class='ocrx_word' id='word_1_55' title='bbox 978 1347 1077 1418; x_wconf 92' lang='lat' dir='ltr'>domi</span> <span class='ocrx_word' id='word_1_56' title='bbox 1104 1349 1266 1440; x_wconf 85' lang='lat' dir='ltr'>alerent,</span> <span class='ocrx_word' id='word_1_57' title='bbox 1300 1351 1536 1440; x_wconf 80' lang='lat' dir='ltr'>decreverunt</span> <span class='ocrx_word' id='word_1_58' title='bbox 1562 1359 1742 1451; x_wconf 87' lang='lat' dir='ltr'>graviter,</span> 
     </span>
     <span class='ocr_line' id='line_1_9' title="bbox 429 1444 1745 1547; baseline 0.005 -27"><span class='ocrx_word' id='word_1_59' title='bbox 429 1445 523 1544; x_wconf 81' lang='lat' dir='ltr'>ipsas</span> <span class='ocrx_word' id='word_1_60' title='bbox 550 1472 595 1520; x_wconf 94' lang='lat' dir='ltr'>ue</span> <span class='ocrx_word' id='word_1_61' title='bbox 623 1447 841 1519; x_wconf 85' lang='lat' dir='ltr'>concubinas</span> <span class='ocrx_word' id='word_1_62' title='bbox 868 1447 1094 1543; x_wconf 81' lang='lat' dir='ltr'>expellendas</span> <span class='ocrx_word' id='word_1_63' title='bbox 1116 1445 1185 1516; x_wconf 75' lang='lat' dir='ltr'>esse</span> <span class='ocrx_word' id='word_1_64' title='bbox 1203 1446 1404 1541; x_wconf 89' lang='lat' dir='ltr'>sciverunt,</span> <span class='ocrx_word' id='word_1_65' title='bbox 1429 1444 1541 1547; x_wconf 52' lang='lat' dir='ltr'>&#39;poena</span> <span class='ocrx_word' id='word_1_66' title='bbox 1556 1452 1745 1530; x_wconf 80' lang='lat' dir='ltr'>amiffionis</span> 
     </span>
     <span class='ocr_line' id='line_1_10' title="bbox 426 1473 1742 1649; baseline 0.006 -30"><span class='ocrx_word' id='word_1_67' title='bbox 426 1473 601 1619; x_wconf 66' lang='lat' dir='ltr'>benescii</span> <span class='ocrx_word' id='word_1_68' title='bbox 628 1545 840 1640; x_wconf 81' lang='lat' dir='ltr'>parochialis</span> <span class='ocrx_word' id='word_1_69' title='bbox 866 1542 1073 1638; x_wconf 64' lang='lat' dir='ltr'>proposita,</span> <span class='ocrx_word' id='word_1_70' title='bbox 1109 1543 1235 1616; x_wconf 87' lang='lat' dir='ltr'>Veluti</span> <span class='ocrx_word' id='word_1_71' title='bbox 1254 1571 1326 1616; x_wconf 92' lang='lat' dir='ltr'>non</span> <span class='ocrx_word' id='word_1_72' title='bbox 1345 1548 1460 1620; x_wconf 86' lang='lat' dir='ltr'>minus</span> <span class='ocrx_word' id='word_1_73' title='bbox 1482 1550 1742 1649; x_wconf 84' lang='lat' dir='ltr'>lndulgentiis,</span> 
     </span>
     <span class='ocr_line' id='line_1_11' title="bbox 431 1640 1743 1740; baseline 0.005 -24"><span class='ocrx_word' id='word_1_74' title='bbox 431 1667 517 1716; x_wconf 90' lang='lat' dir='ltr'>eum</span> <span class='ocrx_word' id='word_1_75' title='bbox 537 1647 574 1716; x_wconf 86' lang='lat' dir='ltr'>iri</span> <span class='ocrx_word' id='word_1_76' title='bbox 592 1644 729 1715; x_wconf 89' lang='lat' dir='ltr'>ditione</span> <span class='ocrx_word' id='word_1_77' title='bbox 747 1645 913 1740; x_wconf 88' lang='lat' dir='ltr'>propria,</span> <span class='ocrx_word' id='word_1_78' title='bbox 933 1662 1009 1712; x_wconf 88' lang='lat' dir='ltr'>turn</span> <span class='ocrx_word' id='word_1_79' title='bbox 1030 1643 1065 1712; x_wconf 89' lang='lat' dir='ltr'>in</span> <span class='ocrx_word' id='word_1_80' title='bbox 1084 1640 1222 1713; x_wconf 90' lang='lat' dir='ltr'>ditione</span> <span class='ocrx_word' id='word_1_81' title='bbox 1231 1644 1455 1740; x_wconf 80' lang='lat' dir='ltr'>Lausannenst</span> <span class='ocrx_word' id='word_1_82' title='bbox 1475 1650 1743 1740; x_wconf 84' lang='lat' dir='ltr'>ponebantobi·</span> 
     </span>
     <span class='ocr_line' id='line_1_12' title="bbox 425 1737 1743 1844; baseline 0.007 -32"><span class='ocrx_word' id='word_1_83' title='bbox 425 1762 535 1833; x_wconf 83' lang='lat' dir='ltr'>cem,</span> <span class='ocrx_word' id='word_1_84' title='bbox 567 1742 656 1814; x_wconf 89' lang='lat' dir='ltr'>datis</span> <span class='ocrx_word' id='word_1_85' title='bbox 683 1737 891 1837; x_wconf 80' lang='lat' dir='ltr'>gravissimis</span> <span class='ocrx_word' id='word_1_86' title='bbox 915 1739 957 1810; x_wconf 89' lang='lat' dir='ltr'>ad</span> <span class='ocrx_word' id='word_1_87' title='bbox 986 1739 1209 1833; x_wconf 79' lang='lat' dir='ltr'>Episcopum</span> <span class='ocrx_word' id='word_1_88' title='bbox 1236 1743 1498 1839; x_wconf 81' lang='lat' dir='ltr'>Lausanuensem</span> <span class='ocrx_word' id='word_1_89' title='bbox 1522 1749 1572 1835; x_wconf 87' lang='lat' dir='ltr'>(a)</span> <span class='ocrx_word' id='word_1_90' title='bbox 1609 1747 1743 1844; x_wconf 79' lang='lat' dir='ltr'>literis,</span> 
     </span>
     <span class='ocr_line' id='line_1_13' title="bbox 433 1835 1744 1937; baseline 0.006 -27"><span class='ocrx_word' id='word_1_91' title='bbox 433 1889 461 1931; x_wconf 92' lang='lat'>„</span> <span class='ocrx_word' id='word_1_92' title='bbox 481 1839 577 1935; x_wconf 91' lang='lat' dir='ltr'>quod</span> <span class='ocrx_word' id='word_1_93' title='bbox 597 1839 624 1911; x_wconf 86' lang='lat' dir='ltr'>is</span> <span class='ocrx_word' id='word_1_94' title='bbox 643 1838 882 1937; x_wconf 88' lang='lat' dir='ltr'>Impostorem</span> <span class='ocrx_word' id='word_1_95' title='bbox 902 1837 1100 1932; x_wconf 88' lang='lat' dir='ltr'>quendam,</span> <span class='ocrx_word' id='word_1_96' title='bbox 1116 1835 1276 1909; x_wconf 87' lang='lat' dir='ltr'>falsarum</span> <span class='ocrx_word' id='word_1_97' title='bbox 1297 1842 1598 1937; x_wconf 86' lang='lat' dir='ltr'>indulgentiarum</span> <span class='ocrx_word' id='word_1_98' title='bbox 1614 1848 1744 1919; x_wconf 83' lang='lat' dir='ltr'>nundi·</span> 
     </span>
     <span class='ocr_line' id='line_1_14' title="bbox 432 1933 1805 2033; baseline 0.009 -25"><span class='ocrx_word' id='word_1_99' title='bbox 432 1987 460 2031; x_wconf 92' lang='lat'><strong>„</strong></span> <span class='ocrx_word' id='word_1_100' title='bbox 477 1957 661 2028; x_wconf 88' lang='lat' dir='ltr'>natorem,</span> <span class='ocrx_word' id='word_1_101' title='bbox 684 1960 846 2025; x_wconf 88' lang='lat' dir='ltr'>earcere,</span> <span class='ocrx_word' id='word_1_102' title='bbox 866 1938 924 2008; x_wconf 92' lang='lat' dir='ltr'>cui</span> <span class='ocrx_word' id='word_1_103' title='bbox 946 1933 1135 2007; x_wconf 83' lang='lat' dir='ltr'>Beruenses</span> <span class='ocrx_word' id='word_1_104' title='bbox 1152 1959 1233 2007; x_wconf 89' lang='lat' dir='ltr'>eum</span> <span class='ocrx_word' id='word_1_105' title='bbox 1254 1940 1566 2033; x_wconf 86' lang='lat' dir='ltr'>mancipaverant,</span> <span class='ocrx_word' id='word_1_106' title='bbox 1585 1943 1746 2019; x_wconf 82' lang='lat' dir='ltr'>exsolve·</span> <span class='ocrx_word' id='word_1_107' title='bbox 1801 1970 1805 1979; x_wconf 91' lang='lat'>·</span> 
     </span>
     <span class='ocr_line' id='line_1_15' title="bbox 431 2032 1745 2130; baseline 0.006 -23"><span class='ocrx_word' id='word_1_108' title='bbox 431 2086 459 2129; x_wconf 94' lang='lat'>„</span> <span class='ocrx_word' id='word_1_109' title='bbox 477 2056 531 2107; x_wconf 88' lang='lat' dir='ltr'>rat</span> <span class='ocrx_word' id='word_1_110' title='bbox 543 2061 552 2107; x_wconf 91' lang='lat'><strong>:</strong></span> <span class='ocrx_word' id='word_1_111' title='bbox 566 2089 592 2127; x_wconf 91' lang='lat'>‚,</span> <span class='ocrx_word' id='word_1_112' title='bbox 614 2035 683 2109; x_wconf 91' lang='lat' dir='ltr'>Sed</span> <span class='ocrx_word' id='word_1_113' title='bbox 695 2037 730 2109; x_wconf 78' lang='lat' dir='ltr'>dt</span> <span class='ocrx_word' id='word_1_114' title='bbox 743 2037 778 2106; x_wconf 91' lang='lat' dir='ltr'>in</span> <span class='ocrx_word' id='word_1_115' title='bbox 790 2032 1099 2130; x_wconf 79' lang='lat' dir='ltr'>ipl&#39;aBernenlium</span> <span class='ocrx_word' id='word_1_116' title='bbox 1112 2035 1326 2107; x_wconf 78' lang='lat' dir='ltr'>civitatedie</span> <span class='ocrx_word' id='word_1_117' title='bbox 1339 2058 1394 2108; x_wconf 73' lang='grc' dir='ltr'>ιι.</span> <span class='ocrx_word' id='word_1_118' title='bbox 1408 2037 1448 2108; x_wconf 96' lang='lat' dir='ltr'>N</span> <span class='ocrx_word' id='word_1_119' title='bbox 1454 2039 1597 2111; x_wconf 89' lang='lat' dir='ltr'>ovemb.</span> <span class='ocrx_word' id='word_1_120' title='bbox 1608 2064 1745 2115; x_wconf 87' lang='lat' dir='ltr'>novum</span> 
     </span>
     <span class='ocr_line' id='line_1_16' title="bbox 375 2131 1746 2232; baseline 0.005 -27"><span class='ocrx_word' id='word_1_121' title='bbox 375 2133 377 2138; x_wconf 48' lang='lat'><strong><em>⁴</em></strong></span> <span class='ocrx_word' id='word_1_122' title='bbox 433 2134 638 2232; x_wconf 85' lang='lat' dir='ltr'>quoddam,</span> <span class='ocrx_word' id='word_1_123' title='bbox 674 2133 781 2228; x_wconf 89' lang='lat' dir='ltr'>idque</span> <span class='ocrx_word' id='word_1_124' title='bbox 808 2135 953 2204; x_wconf 89' lang='lat' dir='ltr'>tertium</span> <span class='ocrx_word' id='word_1_125' title='bbox 981 2131 1165 2228; x_wconf 83' lang='lat' dir='ltr'>religionis</span> <span class='ocrx_word' id='word_1_126' title='bbox 1191 2132 1412 2206; x_wconf 82' lang='lat' dir='ltr'>condebatur</span> <span class='ocrx_word' id='word_1_127' title='bbox 1436 2137 1658 2229; x_wconf 86' lang='lat' dir='ltr'>Decretum,</span> <span class='ocrx_word' id='word_1_128' title='bbox 1685 2141 1746 2212; x_wconf 92' lang='lat' dir='ltr'>cui</span> 
     </span>
    </p>
   </div>
   <div class='ocr_carea' id='block_1_3' title="bbox 433 2221 1916 2330">
    <p class='ocr_par' dir='ltr' id='par_1_3' title="bbox 433 2221 1916 2330">
     <span class='ocr_line' id='line_1_17' title="bbox 433 2221 1916 2330; baseline 0.004 -28"><span class='ocrx_word' id='word_1_129' title='bbox 433 2230 547 2303; x_wconf 81' lang='lat' dir='ltr'>ansam</span> <span class='ocrx_word' id='word_1_130' title='bbox 575 2232 681 2304; x_wconf 86' lang='lat' dir='ltr'>dabat</span> <span class='ocrx_word' id='word_1_131' title='bbox 700 2231 933 2305; x_wconf 89' lang='lat' dir='ltr'>Dolninicani</span> <span class='ocrx_word' id='word_1_132' title='bbox 953 2231 1138 2324; x_wconf 80' lang='lat' dir='ltr'>eujusdam</span> <span class='ocrx_word' id='word_1_133' title='bbox 1157 2231 1445 2322; x_wconf 83' lang='lat' dir='ltr'>Jahanm‘sHeim</span> <span class='ocrx_word' id='word_1_134' title='bbox 1465 2234 1520 2327; x_wconf 89' lang='lat' dir='ltr'>(b)</span> <span class='ocrx_word' id='word_1_135' title='bbox 1539 2236 1747 2330; x_wconf 82' lang='lat' dir='ltr'>importuna</span> <span class='ocrx_word' id='word_1_136' title='bbox 1828 2281 1830 2284; x_wconf 93' lang='lat'><em>-</em></span> <span class='ocrx_word' id='word_1_137' title='bbox 1910 2221 1916 2291; x_wconf 71' lang='lat' dir='ltr'>l</span> 
     </span>
    </p>
   </div>
   <div class='ocr_carea' id='block_1_4' title="bbox 423 2326 1860 2818">
    <p class='ocr_par' dir='ltr' id='par_1_4' title="bbox 423 2326 1860 2818">
     <span class='ocr_line' id='line_1_18' title="bbox 432 2326 1747 2430; baseline 0.005 -28"><span class='ocrx_word' id='word_1_138' title='bbox 432 2351 500 2426; x_wconf 85' lang='lat' dir='ltr'>pro</span> <span class='ocrx_word' id='word_1_139' title='bbox 526 2328 695 2427; x_wconf 83' lang='lat' dir='ltr'>suggestu</span> <span class='ocrx_word' id='word_1_140' title='bbox 714 2330 850 2402; x_wconf 86' lang='lat' dir='ltr'>oratio:</span> <span class='ocrx_word' id='word_1_141' title='bbox 888 2379 916 2420; x_wconf 93' lang='lat'>,‚</span> <span class='ocrx_word' id='word_1_142' title='bbox 935 2328 1010 2399; x_wconf 87' lang='lat' dir='ltr'>Du.</span> <span class='ocrx_word' id='word_1_143' title='bbox 1028 2326 1189 2400; x_wconf 86' lang='lat' dir='ltr'>nollrum</span> <span class='ocrx_word' id='word_1_144' title='bbox 1205 2327 1324 2420; x_wconf 89' lang='lat' dir='ltr'>Jesum</span> <span class='ocrx_word' id='word_1_145' title='bbox 1346 2330 1530 2403; x_wconf 86' lang='lat' dir='ltr'>Christum</span> <span class='ocrx_word' id='word_1_146' title='bbox 1548 2357 1623 2404; x_wconf 92' lang='lat' dir='ltr'>non</span> <span class='ocrx_word' id='word_1_147' title='bbox 1640 2333 1747 2430; x_wconf 75' lang='lat' dir='ltr'>plene</span> 
     </span>
     <span class='ocr_line' id='line_1_19' title="bbox 423 2424 1746 2524; baseline 0.006 -26"><span class='ocrx_word' id='word_1_148' title='bbox 423 2474 457 2521; x_wconf 62' lang='lat'>‹„</span> <span class='ocrx_word' id='word_1_149' title='bbox 478 2452 545 2524; x_wconf 88' lang='lat' dir='ltr'>pro</span> <span class='ocrx_word' id='word_1_150' title='bbox 564 2427 668 2499; x_wconf 86' lang='lat' dir='ltr'>nobis</span> <span class='ocrx_word' id='word_1_151' title='bbox 686 2424 908 2518; x_wconf 80' lang='lat' dir='ltr'>satisfecisse,</span> <span class='ocrx_word' id='word_1_152' title='bbox 934 2449 1014 2520; x_wconf 86' lang='lat' dir='ltr'>quae</span> <span class='ocrx_word' id='word_1_153' title='bbox 1032 2449 1211 2497; x_wconf 92' lang='lat' dir='ltr'>novorum</span> <span class='ocrx_word' id='word_1_154' title='bbox 1231 2425 1541 2523; x_wconf 84' lang='lat' dir='ltr'>Evangelillarum</span> <span class='ocrx_word' id='word_1_155' title='bbox 1559 2426 1643 2506; x_wconf 85' lang='lat' dir='ltr'>esset</span> <span class='ocrx_word' id='word_1_156' title='bbox 1656 2432 1746 2507; x_wconf 86' lang='lat' dir='ltr'>doc·</span> 
     </span>
     <span class='ocr_line' id='line_1_20' title="bbox 431 2522 1860 2693; baseline 0.005 -96"><span class='ocrx_word' id='word_1_157' title='bbox 431 2578 458 2620; x_wconf 90' lang='lat'>‚‚</span> <span class='ocrx_word' id='word_1_158' title='bbox 478 2527 595 2616; x_wconf 83' lang='lat' dir='ltr'>trina,</span> <span class='ocrx_word' id='word_1_159' title='bbox 614 2523 671 2597; x_wconf 89' lang='lat' dir='ltr'>sed</span> <span class='ocrx_word' id='word_1_160' title='bbox 690 2523 823 2598; x_wconf 82' lang='lat' dir='ltr'>necesse</span> <span class='ocrx_word' id='word_1_161' title='bbox 842 2522 930 2615; x_wconf 81' lang='lat' dir='ltr'>esse,</span> <span class='ocrx_word' id='word_1_162' title='bbox 946 2541 990 2596; x_wconf 93' lang='lat' dir='ltr'>ut</span> <span class='ocrx_word' id='word_1_163' title='bbox 1003 2523 1362 2693; x_wconf 74' lang='lat' dir='ltr'>unuspuisqueetiam</span> <span class='ocrx_word' id='word_1_164' title='bbox 1374 2524 1562 2601; x_wconf 75' lang='lat' dir='ltr'>satisfaciat</span> <span class='ocrx_word' id='word_1_165' title='bbox 1574 2527 1705 2625; x_wconf 64' lang='lat' dir='ltr'>prose,</span> <span class='ocrx_word' id='word_1_166' title='bbox 1718 2583 1747 2624; x_wconf 93' lang='lat'><strong>„</strong></span> <span class='ocrx_word' id='word_1_167' title='bbox 1853 2586 1860 2591; x_wconf 83' lang='lat'><em>-</em></span> 
     </span>
     <span class='ocr_line' id='line_1_21' title="bbox 434 2622 1745 2721; baseline 0.005 -24"><span class='ocrx_word' id='word_1_168' title='bbox 434 2623 537 2697; x_wconf 84' lang='lat' dir='ltr'>Huic</span> <span class='ocrx_word' id='word_1_169' title='bbox 564 2623 659 2694; x_wconf 89' lang='lat' dir='ltr'>enim</span> <span class='ocrx_word' id='word_1_170' title='bbox 687 2646 770 2695; x_wconf 90' lang='lat' dir='ltr'>cum</span> <span class='ocrx_word' id='word_1_171' title='bbox 799 2624 895 2696; x_wconf 83' lang='lat' dir='ltr'>cives</span> <span class='ocrx_word' id='word_1_172' title='bbox 923 2622 1065 2720; x_wconf 87' lang='lat' dir='ltr'>quidam</span> <span class='ocrx_word' id='word_1_173' title='bbox 1107 2648 1128 2693; x_wconf 89' lang='lat' dir='ltr'>e</span> <span class='ocrx_word' id='word_1_174' title='bbox 1153 2642 1403 2719; x_wconf 90' lang='lat' dir='ltr'>opponerent,</span> <span class='ocrx_word' id='word_1_175' title='bbox 1427 2648 1537 2721; x_wconf 90' lang='lat' dir='ltr'>eaque</span> <span class='ocrx_word' id='word_1_176' title='bbox 1554 2631 1745 2703; x_wconf 90' lang='lat' dir='ltr'>contentio</span> 
     </span>
     <span class='ocr_line' id='line_1_22' title="bbox 432 2717 1744 2818; baseline 0.004 -24"><span class='ocrx_word' id='word_1_177' title='bbox 432 2717 625 2794; x_wconf 87' lang='lat' dir='ltr'>referretur</span> <span class='ocrx_word' id='word_1_178' title='bbox 650 2719 692 2791; x_wconf 90' lang='lat' dir='ltr'>ad</span> <span class='ocrx_word' id='word_1_179' title='bbox 712 2722 904 2812; x_wconf 83' lang='lat' dir='ltr'>Senatum,</span> <span class='ocrx_word' id='word_1_180' title='bbox 930 2744 1002 2791; x_wconf 91' lang='lat' dir='ltr'>non</span> <span class='ocrx_word' id='word_1_181' title='bbox 1019 2719 1133 2792; x_wconf 88' lang='lat' dir='ltr'>solum</span> <span class='ocrx_word' id='word_1_182' title='bbox 1152 2720 1180 2792; x_wconf 82' lang='lat' dir='ltr'>it</span> <span class='ocrx_word' id='word_1_183' title='bbox 1197 2742 1391 2818; x_wconf 87' lang='lat' dir='ltr'>utrumque</span> <span class='ocrx_word' id='word_1_184' title='bbox 1409 2720 1624 2816; x_wconf 68' lang='lat' dir='ltr'>Lectorem,</span> <span class='ocrx_word' id='word_1_185' title='bbox 1650 2726 1744 2799; x_wconf 89' lang='lat' dir='ltr'>Hei·</span> 
     </span>
    </p>
   </div>
   <div class='ocr_carea' id='block_1_5' title="bbox 285 2801 1746 2916">
    <p class='ocr_par' dir='ltr' id='par_1_5' title="bbox 285 2801 1746 2916">
     <span class='ocr_line' id='line_1_23' title="bbox 285 2801 1746 2916; baseline 0.003 -24"><span class='ocrx_word' id='word_1_186' title='bbox 285 2801 300 2824; x_wconf 69' lang='lat'><em>⁶</em></span> <span class='ocrx_word' id='word_1_187' title='bbox 431 2820 549 2892; x_wconf 87' lang='lat' dir='ltr'>mium</span> <span class='ocrx_word' id='word_1_188' title='bbox 564 2819 601 2893; x_wconf 79' lang='lat' dir='ltr'>dt</span> <span class='ocrx_word' id='word_1_189' title='bbox 621 2818 711 2892; x_wconf 49' lang='lat' dir='ltr'>Seb,</span> <span class='ocrx_word' id='word_1_190' title='bbox 724 2820 916 2916; x_wconf 84' lang='lat' dir='ltr'>Meyerum</span> <span class='ocrx_word' id='word_1_191' title='bbox 935 2818 988 2909; x_wconf 81' lang='lat' dir='ltr'>(c)</span> <span class='ocrx_word' id='word_1_192' title='bbox 1009 2838 1157 2915; x_wconf 86' lang='lat' dir='ltr'>propter</span> <span class='ocrx_word' id='word_1_193' title='bbox 1174 2816 1420 2891; x_wconf 83' lang='lat' dir='ltr'>dissensionem</span> <span class='ocrx_word' id='word_1_194' title='bbox 1440 2820 1478 2895; x_wconf 88' lang='lat'>&amp;</span> <span class='ocrx_word' id='word_1_195' title='bbox 1496 2824 1746 2897; x_wconf 80' lang='lat' dir='ltr'>contentiones</span> 
     </span>
    </p>
   </div>
   <div class='ocr_carea' id='block_1_6' title="bbox 348 2915 1747 3875">
    <p class='ocr_par' dir='ltr' id='par_1_6' title="bbox 423 2915 1745 3310">
     <span class='ocr_line' id='line_1_24' title="bbox 423 2915 1744 3017; baseline 0.007 -27"><span class='ocrx_word' id='word_1_196' title='bbox 423 2935 595 3012; x_wconf 84' lang='lat' dir='ltr'>mutuas,</span> <span class='ocrx_word' id='word_1_197' title='bbox 630 2940 712 2990; x_wconf 92' lang='lat' dir='ltr'>cum</span> <span class='ocrx_word' id='word_1_198' title='bbox 738 2940 863 2989; x_wconf 86' lang='lat' dir='ltr'>eorum</span> <span class='ocrx_word' id='word_1_199' title='bbox 891 2916 982 2989; x_wconf 88' lang='lat' dir='ltr'>alter</span> <span class='ocrx_word' id='word_1_200' title='bbox 998 2915 1200 3012; x_wconf 79' lang='lat' dir='ltr'>Evangelio</span> <span class='ocrx_word' id='word_1_201' title='bbox 1217 2916 1365 2990; x_wconf 81' lang='lat' dir='ltr'>infestus</span> <span class='ocrx_word' id='word_1_202' title='bbox 1382 2938 1479 3011; x_wconf 85' lang='lat' dir='ltr'>erat,</span> <span class='ocrx_word' id='word_1_203' title='bbox 1504 2918 1594 2992; x_wconf 84' lang='lat' dir='ltr'>alter</span> <span class='ocrx_word' id='word_1_204' title='bbox 1610 2921 1688 3017; x_wconf 82' lang='lat' dir='ltr'>ejus</span> <span class='ocrx_word' id='word_1_205' title='bbox 1705 2923 1744 3000; x_wconf 87' lang='lat' dir='ltr'>iu</span> 
     </span>
     <span class='ocr_line' id='line_1_25' title="bbox 430 3012 1745 3115; baseline 0.004 -25"><span class='ocrx_word' id='word_1_206' title='bbox 430 3016 465 3091; x_wconf 89' lang='lat' dir='ltr'>se</span> <span class='ocrx_word' id='word_1_207' title='bbox 491 3012 686 3114; x_wconf 88' lang='lat' dir='ltr'>susceperat</span> <span class='ocrx_word' id='word_1_208' title='bbox 714 3013 984 3105; x_wconf 85' lang='lat' dir='ltr'>defensionem,</span> <span class='ocrx_word' id='word_1_209' title='bbox 1005 3014 1094 3088; x_wconf 87' lang='lat' dir='ltr'>urbe</span> <span class='ocrx_word' id='word_1_210' title='bbox 1111 3015 1285 3088; x_wconf 85' lang='lat' dir='ltr'>excedere</span> <span class='ocrx_word' id='word_1_211' title='bbox 1302 3014 1460 3113; x_wconf 85' lang='lat' dir='ltr'>publicae</span> <span class='ocrx_word' id='word_1_212' title='bbox 1478 3020 1745 3115; x_wconf 79' lang='lat' dir='ltr'>tranquillitatis</span> 
     </span>
     <span class='ocr_line' id='line_1_26' title="bbox 432 3110 1745 3230; baseline 0.002 -41"><span class='ocrx_word' id='word_1_213' title='bbox 432 3116 549 3214; x_wconf 78' lang='lat' dir='ltr'>gratia</span> <span class='ocrx_word' id='word_1_214' title='bbox 566 3115 622 3210; x_wconf 88' lang='lat' dir='ltr'>(d)</span> <span class='ocrx_word' id='word_1_215' title='bbox 637 3112 735 3213; x_wconf 79' lang='lat' dir='ltr'>juffit</span> <span class='ocrx_word' id='word_1_216' title='bbox 746 3147 759 3201; x_wconf 63' lang='grc' dir='ltr'><strong><em>ς</em></strong></span> <span class='ocrx_word' id='word_1_217' title='bbox 788 3112 859 3187; x_wconf 86' lang='lat' dir='ltr'>Sed</span> <span class='ocrx_word' id='word_1_218' title='bbox 878 3114 914 3188; x_wconf 77' lang='grc' dir='ltr'>ὃ(</span> <span class='ocrx_word' id='word_1_219' title='bbox 932 3110 1065 3186; x_wconf 68' lang='lat' dir='ltr'>aarum</span> <span class='ocrx_word' id='word_1_220' title='bbox 1084 3112 1160 3209; x_wconf 88' lang='lat' dir='ltr'>est,</span> <span class='ocrx_word' id='word_1_221' title='bbox 1178 3135 1220 3188; x_wconf 91' lang='lat' dir='ltr'>ut</span> <span class='ocrx_word' id='word_1_222' title='bbox 1237 3116 1267 3188; x_wconf 85' lang='lat' dir='ltr'>is</span> <span class='ocrx_word' id='word_1_223' title='bbox 1285 3110 1404 3189; x_wconf 80' lang='lat' dir='ltr'>denub</span> <span class='ocrx_word' id='word_1_224' title='bbox 1424 3116 1474 3210; x_wconf 81' lang='lat' dir='ltr'>(e)</span> <span class='ocrx_word' id='word_1_225' title='bbox 1494 3118 1674 3230; x_wconf 71' lang='lat' dir='ltr'>unicuivir</span> <span class='ocrx_word' id='word_1_226' title='bbox 1689 3120 1745 3191; x_wconf 83' lang='lat' dir='ltr'>io·</span> 
     </span>
     <span class='ocr_line' id='line_1_27' title="bbox 1096 3229 1745 3310; baseline 0.002 -76"><span class='ocrx_word' id='word_1_227' title='bbox 1096 3229 1098 3234; x_wconf 89' lang='lat'><em>.</em></span> <span class='ocrx_word' id='word_1_228' title='bbox 1661 3238 1745 3310; x_wconf 47' lang='lat' dir='ltr'><strong>jun·</strong></span> 
     </span>
    </p>

    <p class='ocr_par' dir='ltr' id='par_1_7' title="bbox 348 3366 1747 3875">
     <span class='ocr_line' id='line_1_28' title="bbox 348 3366 1035 3457; baseline -0.009 -16"><span class='ocrx_word' id='word_1_229' title='bbox 348 3366 354 3382; x_wconf 72' lang='grc'><strong><em>’</em></strong></span> <span class='ocrx_word' id='word_1_230' title='bbox 472 3379 523 3456; x_wconf 85' lang='lat' dir='ltr'>(a)</span> <span class='ocrx_word' id='word_1_231' title='bbox 546 3371 774 3441; x_wconf 78' lang='lat' dir='ltr'>RUCHA&#39;I&#39;.</span> <span class='ocrx_word' id='word_1_232' title='bbox 798 3370 844 3437; x_wconf 86' lang='lat' dir='ltr'>T.</span> <span class='ocrx_word' id='word_1_233' title='bbox 863 3372 890 3437; x_wconf 87' lang='lat' dir='ltr'>l.</span> <span class='ocrx_word' id='word_1_234' title='bbox 911 3394 942 3457; x_wconf 90' lang='lat' dir='ltr'>p.</span> <span class='ocrx_word' id='word_1_235' title='bbox 963 3390 1035 3453; x_wconf 82' lang='lat'>219.</span> 
     </span>
     <span class='ocr_line' id='line_1_29' title="bbox 473 3451 1744 3541; baseline 0.001 -22"><span class='ocrx_word' id='word_1_236' title='bbox 473 3460 526 3538; x_wconf 85' lang='lat' dir='ltr'>(b)</span> <span class='ocrx_word' id='word_1_237' title='bbox 551 3458 649 3523; x_wconf 83' lang='lat' dir='ltr'>Hunc</span> <span class='ocrx_word' id='word_1_238' title='bbox 673 3457 846 3541; x_wconf 83' lang='lat' dir='ltr'>Mogontia</span> <span class='ocrx_word' id='word_1_239' title='bbox 861 3455 1094 3534; x_wconf 85' lang='lat' dir='ltr'>arcesfiverant,</span> <span class='ocrx_word' id='word_1_240' title='bbox 1118 3453 1210 3539; x_wconf 83' lang='lat' dir='ltr'>iiqni</span> <span class='ocrx_word' id='word_1_241' title='bbox 1226 3454 1312 3519; x_wconf 71' lang='lat' dir='ltr'>male</span> <span class='ocrx_word' id='word_1_242' title='bbox 1330 3457 1479 3519; x_wconf 86' lang='lat' dir='ltr'>volebant</span> <span class='ocrx_word' id='word_1_243' title='bbox 1495 3454 1569 3519; x_wconf 81' lang='lat' dir='ltr'>Seb.</span> <span class='ocrx_word' id='word_1_244' title='bbox 1585 3451 1744 3537; x_wconf 77' lang='lat' dir='ltr'>Meyero,</span> 
     </span>
     <span class='ocr_line' id='line_1_30' title="bbox 433 3534 1745 3622; baseline 0.001 -17"><span class='ocrx_word' id='word_1_245' title='bbox 433 3538 716 3607; x_wconf 71' lang='lat' dir='ltr'>franciscanorum</span> <span class='ocrx_word' id='word_1_246' title='bbox 731 3540 836 3606; x_wconf 84' lang='lat' dir='ltr'>ordini</span> <span class='ocrx_word' id='word_1_247' title='bbox 850 3539 995 3620; x_wconf 67' lang='lat' dir='ltr'>addida,</span> <span class='ocrx_word' id='word_1_248' title='bbox 1012 3536 1156 3604; x_wconf 72' lang='lat' dir='ltr'>&amp;Bartb</span> <span class='ocrx_word' id='word_1_249' title='bbox 1173 3540 1325 3622; x_wconf 88' lang='lat' dir='ltr'>Hallero,</span> <span class='ocrx_word' id='word_1_250' title='bbox 1343 3534 1745 3606; x_wconf 72' lang='lat' dir='ltr'>ProdicatoribusBerneu·</span> 
     </span>
     <span class='ocr_line' id='line_1_31' title="bbox 432 3625 1747 3875; baseline 0 -17"><span class='ocrx_word' id='word_1_251' title='bbox 432 3625 1747 3875; x_wconf 55' lang='lat' dir='ltr'>lineararrianumtranianum</span> 
     </span>
     <span class='ocr_line' id='line_1_32' title="bbox 459 3812 1744 3873; baseline -0.005 -18"><span class='ocrx_word' id='word_1_252' title='bbox 459 3812 507 3855; x_wconf 81' lang='lat' dir='ltr'>e.</span> <span class='ocrx_word' id='word_1_253' title='bbox 591 3812 643 3873; x_wconf 77' lang='lat' dir='ltr'>yr</span> <span class='ocrx_word' id='word_1_254' title='bbox 776 3840 782 3855; x_wconf 89' lang='lat'>.</span> <span class='ocrx_word' id='word_1_255' title='bbox 1097 3837 1104 3852; x_wconf 91' lang='lat'><strong>.</strong></span> <span class='ocrx_word' id='word_1_256' title='bbox 1221 3835 1228 3849; x_wconf 88' lang='lat'>.</span> <span class='ocrx_word' id='word_1_257' title='bbox 1290 3837 1297 3852; x_wconf 90' lang='lat'><strong><em>.</em></strong></span> <span class='ocrx_word' id='word_1_258' title='bbox 1352 3836 1412 3850; x_wconf 84' lang='lat'>..</span> <span class='ocrx_word' id='word_1_259' title='bbox 1488 3836 1495 3850; x_wconf 92' lang='lat'><strong>.</strong></span> <span class='ocrx_word' id='word_1_260' title='bbox 1600 3838 1607 3851; x_wconf 93' lang='lat'><strong>.</strong></span> <span class='ocrx_word' id='word_1_261' title='bbox 1719 3815 1744 3858; x_wconf 66' lang='grc' dir='ltr'><strong>ε</strong></span> 
     </span>
    </p>
   </div>
   <div class='ocr_carea' id='block_1_7' title="bbox 429 3812 1749 4299">
    <p class='ocr_par' dir='ltr' id='par_1_8' title="bbox 431 3812 1749 4128">
     <span class='ocr_line' id='line_1_33' title="bbox 431 3812 1749 3978; baseline 0.001 -37"><span class='ocrx_word' id='word_1_262' title='bbox 431 3877 464 3978; x_wconf 66' lang='lat' dir='ltr'>p.</span> <span class='ocrx_word' id='word_1_263' title='bbox 484 3812 700 3941; x_wconf 45' lang='lat' dir='ltr'>Lxxxtlsl&#39;</span> <span class='ocrx_word' id='word_1_264' title='bbox 714 3894 785 3961; x_wconf 80' lang='lat' dir='ltr'>pag.</span> <span class='ocrx_word' id='word_1_265' title='bbox 797 3893 868 3959; x_wconf 83' lang='lat'>237.</span> <span class='ocrx_word' id='word_1_266' title='bbox 889 3877 958 3959; x_wconf 83' lang='lat' dir='ltr'>jam</span> <span class='ocrx_word' id='word_1_267' title='bbox 981 3876 1019 3941; x_wconf 91' lang='lat' dir='ltr'>de</span> <span class='ocrx_word' id='word_1_268' title='bbox 1037 3876 1177 3959; x_wconf 84' lang='lat' dir='ltr'>Meyero</span> <span class='ocrx_word' id='word_1_269' title='bbox 1194 3875 1224 3939; x_wconf 83' lang='lat' dir='ltr'>dt</span> <span class='ocrx_word' id='word_1_270' title='bbox 1241 3874 1309 3956; x_wconf 79' lang='lat' dir='ltr'>ejus</span> <span class='ocrx_word' id='word_1_271' title='bbox 1326 3873 1540 3939; x_wconf 69' lang='lat' dir='ltr'>retradatione</span> <span class='ocrx_word' id='word_1_272' title='bbox 1557 3873 1641 3941; x_wconf 72' lang='lat' dir='ltr'>diua</span> <span class='ocrx_word' id='word_1_273' title='bbox 1655 3876 1749 3961; x_wconf 89' lang='lat' dir='ltr'>funt,</span> 
     </span>
     <span class='ocr_line' id='line_1_34' title="bbox 431 3957 1649 4128; baseline -0.003 -20"><span class='ocrx_word' id='word_1_274' title='bbox 431 3957 1053 4127; x_wconf 36' lang='lat' dir='ltr'>“sibifiliasimilam.</span> <span class='ocrx_word' id='word_1_275' title='bbox 1085 4064 1119 4105; x_wconf 73' lang='lat' dir='ltr'>v.</span> <span class='ocrx_word' id='word_1_276' title='bbox 1136 4039 1409 4108; x_wconf 76' lang='lat' dir='ltr'>scurunan.</span> <span class='ocrx_word' id='word_1_277' title='bbox 1436 4047 1457 4107; x_wconf 87' lang='lat' dir='ltr'>r.</span> <span class='ocrx_word' id='word_1_278' title='bbox 1475 4064 1504 4108; x_wconf 73' lang='lat' dir='ltr'>c.</span> <span class='ocrx_word' id='word_1_279' title='bbox 1528 4066 1559 4128; x_wconf 74' lang='lat' dir='ltr'>p.</span> <span class='ocrx_word' id='word_1_280' title='bbox 1577 4062 1649 4123; x_wconf 59' lang='grc' dir='ltr'>ης.</span> 
     </span>
    </p>

    <p class='ocr_par' dir='ltr' id='par_1_9' title="bbox 429 4125 1749 4299">
     <span class='ocr_line' id='line_1_35' title="bbox 472 4125 1748 4277; baseline 0.001 -83"><span class='ocrx_word' id='word_1_281' title='bbox 472 4133 523 4212; x_wconf 89' lang='lat' dir='ltr'>(e)</span> <span class='ocrx_word' id='word_1_282' title='bbox 549 4125 776 4227; x_wconf 68' lang='lat' dir='ltr'>RUQHllJ&#39;.</span> <span class='ocrx_word' id='word_1_283' title='bbox 796 4147 910 4226; x_wconf 63' lang='lat' dir='ltr'>pana.</span> <span class='ocrx_word' id='word_1_284' title='bbox 934 4150 971 4228; x_wconf 70' lang='lat' dir='ltr'>er</span> <span class='ocrx_word' id='word_1_285' title='bbox 987 4126 1140 4192; x_wconf 85' lang='lat' dir='ltr'>Stertleto</span> <span class='ocrx_word' id='word_1_286' title='bbox 1157 4128 1270 4277; x_wconf 54' lang='grc' dir='ltr'>ῗόῳ,</span> <span class='ocrx_word' id='word_1_287' title='bbox 1288 4129 1362 4210; x_wconf 81' lang='lat'>630.</span> <span class='ocrx_word' id='word_1_288' title='bbox 1387 4128 1463 4194; x_wconf 87' lang='lat' dir='ltr'>Hoc</span> <span class='ocrx_word' id='word_1_289' title='bbox 1480 4129 1581 4213; x_wconf 88' lang='lat' dir='ltr'>ipsum</span> <span class='ocrx_word' id='word_1_290' title='bbox 1592 4126 1748 4228; x_wconf 71' lang='lat' dir='ltr'>Edifium</span> 
     </span>
     <span class='ocr_line' id='line_1_36' title="bbox 429 4209 1749 4299; baseline 0.002 -25"><span class='ocrx_word' id='word_1_291' title='bbox 429 4210 495 4275; x_wconf 67' lang='lat' dir='ltr'>suo</span> <span class='ocrx_word' id='word_1_292' title='bbox 511 4213 709 4279; x_wconf 78' lang='lat' dir='ltr'>Collefliona</span> <span class='ocrx_word' id='word_1_293' title='bbox 726 4210 852 4275; x_wconf 83' lang='lat' dir='ltr'>inseruit</span> <span class='ocrx_word' id='word_1_294' title='bbox 869 4209 992 4277; x_wconf 73' lang='lat' dir='ltr'>Doslis.</span> <span class='ocrx_word' id='word_1_295' title='bbox 1003 4212 1030 4276; x_wconf 87' lang='lat' dir='ltr'>F</span> <span class='ocrx_word' id='word_1_296' title='bbox 1037 4209 1153 4276; x_wconf 86' lang='lat' dir='ltr'>UESS</span> <span class='ocrx_word' id='word_1_297' title='bbox 1195 4210 1259 4278; x_wconf 85' lang='grc' dir='ltr'>ΙΝ.</span> <span class='ocrx_word' id='word_1_298' title='bbox 1277 4209 1324 4277; x_wconf 86' lang='grc' dir='ltr'>Τ.</span> <span class='ocrx_word' id='word_1_299' title='bbox 1336 4212 1379 4279; x_wconf 89' lang='lat'>11.</span> <span class='ocrx_word' id='word_1_300' title='bbox 1397 4236 1427 4299; x_wconf 90' lang='lat' dir='ltr'>p.</span> <span class='ocrx_word' id='word_1_301' title='bbox 1438 4210 1591 4297; x_wconf 73' lang='lat'>2830287.</span> <span class='ocrx_word' id='word_1_302' title='bbox 1609 4216 1661 4281; x_wconf 82' lang='lat' dir='ltr'>ubi</span> <span class='ocrx_word' id='word_1_303' title='bbox 1677 4214 1749 4279; x_wconf 83' lang='lat' dir='ltr'>bre·</span> 
     </span>
    </p>
   </div>
   <div class='ocr_carea' id='block_1_8' title="bbox 429 4294 1448 4381">
    <p class='ocr_par' dir='ltr' id='par_1_10' title="bbox 429 4294 1448 4381">
     <span class='ocr_line' id='line_1_37' title="bbox 429 4294 1448 4381; baseline 0.007 -20"><span class='ocrx_word' id='word_1_304' title='bbox 429 4314 508 4363; x_wconf 80' lang='lat' dir='ltr'>vem</span> <span class='ocrx_word' id='word_1_305' title='bbox 521 4295 770 4367; x_wconf 79' lang='lat' dir='ltr'>Reformadouia</span> <span class='ocrx_word' id='word_1_306' title='bbox 786 4294 965 4362; x_wconf 81' lang='lat' dir='ltr'>Bienneufu</span> <span class='ocrx_word' id='word_1_307' title='bbox 981 4297 1070 4370; x_wconf 84' lang='lat' dir='ltr'>uobis</span> <span class='ocrx_word' id='word_1_308' title='bbox 1087 4296 1193 4381; x_wconf 83' lang='lat' dir='ltr'>pandit</span> <span class='ocrx_word' id='word_1_309' title='bbox 1207 4295 1377 4365; x_wconf 79' lang='lat' dir='ltr'>historiam.</span> <span class='ocrx_word' id='word_1_310' title='bbox 1446 4363 1448 4368; x_wconf 79' lang='grc'>,</span> 
     </span>
    </p>
   </div>
   <div class='ocr_carea' id='block_1_9' title="bbox 0 0 2226 5150">
    <p class='ocr_par' dir='ltr' id='par_1_11' title="bbox 0 0 2226 5150">
     <span class='ocr_line' id='line_1_38' title="bbox 0 0 2226 5150; baseline 0 0"><span class='ocrx_word' id='word_1_311' title='bbox 0 0 2226 5150; x_wconf 95' lang='lat' dir='ltr'> </span> 
     </span>
    </p>
   </div>
  </div>
 </body>
</html>
