4442 5150
469 665 678 743 ‘rehenditur
694 661 808 760 potius
826 687 929 761 quam
949 662 982 736 in
997 663 1179 760 supercilio
1193 661 1330 760 Ephot,
1354 659 1485 751 cidari,
1508 659 1605 754 tiant,
1625 662 1738 738 ancla-

451 688 653 858 beasque
671 760 743 833 aliis
766 784 834 833 non
852 787 894 833 eo
913 785 1023 855 usque
1035 758 1211 858 exigendis
1226 758 1269 829 ab
1289 757 1437 831 Ecclesia
1451 757 1593 830 Christi.
1640 759 1740 853 juste

498 861 565 931 itur
591 858 671 929 verb
700 858 795 950 pium
819 880 858 928 ac
885 855 1119 929 Christianum
1148 855 1322 925 hominem
1346 861 1394 925 D.
1424 850 1572 949 joannem
1595 859 1743 947 Heffum,

421 987 424 992 ’
455 879 670 1050 ‘sshcologiae
689 948 879 1022 Doclotem
899 953 933 1023 in
954 949 1140 1045 parochum
1154 948 1252 1020 nobis
1263 947 1443 1046 elegimus,
1464 949 1504 1021 ad
1518 945 1741 1044 ministerium

461 1047 561 1135 verbi
579 1067 654 1119 ante
673 1066 832 1122 vocatum
852 1045 896 1117 ab
920 1045 1110 1142 Episcopo,
1137 1044 1368 1116 commisimus
1386 1065 1495 1140 usque
1514 1042 1544 1113 ei
1569 1064 1685 1114 curarn
1704 1041 1742 1117 &

454 1140 628 1218 ‘rivorum
648 1141 685 1213 δι
702 1162 943 1213 mortuorum:
969 1160 1008 1210 ut
1026 1140 1126 1210 vivos
1141 1134 1409 1211 immarcescibili
1423 1135 1647 1210 frudtttvetbi
1666 1137 1742 1209 Do·

462 1236 548 1312 mini
567 1235 674 1332 pascat
689 1257 727 1307 ac
741 1236 884 1308 nutriat:
907 1233 1088 1308 defundros
1108 1232 1192 1305 verb
1210 1235 1244 1303 in
1264 1232 1418 1308 Domino
1434 1232 1489 1328 pie
1501 1233 1650 1328 sepeliat,
1671 1255 1741 1303 non

463 1354 505 1407 ut
530 1329 784 1428 ptaedecelsotes
813 1331 975 1426 parochi,
1008 1327 1136 1423 quibus
1167 1351 1233 1399 una
1261 1351 1363 1424 opera
1388 1349 1459 1398 erat
1482 1327 1607 1399 inhiare
1632 1326 1742 1400 lucro.

456 1427 561 1501 ³Nam
576 1427 643 1499 live
654 1425 857 1513 nasceretur,
881 1421 1300 1519 hvemorerctutaliquis,
1324 1433 1442 1493 omnes
1453 1442 1546 1494 etant
1558 1420 1743 1514 tributarii,

459 1521 503 1596 dt
517 1520 691 1618 vestigales
712 1518 877 1612 parocho,
900 1545 921 1591 u
958 1517 1056 1589 etiam
1072 1517 1179 1589 multa
1199 1515 1304 1587 millia
1318 1517 1501 1616 gratiarum
1513 1540 1552 1589 ac
1564 1517 1743 1615 indulgen·

458 1626 590 1689 ‘tratum
616 1615 775 1700 nomina,
798 1541 1019 1685 remifflem
1041 1613 1260 1706 peccatorum
1277 1633 1348 1707 prae
1365 1609 1395 1684 se
1413 1611 1574 1700 ferentia,
1594 1632 1695 1706 atque
1708 1614 1744 1686 id

459 1727 575 1808 genus
598 1708 660 1780 alia
690 1706 863 1804 pallorum
888 1710 1080 1781 cominehta
1108 1728 1288 1779 taceamus.
1341 1706 1450 1796 Quod
1479 1705 1562 1777 verb
1586 1708 1742 1780 omnium

459 1803 719 1892 miserrimum,
742 1804 869 1875 mortui
889 1803 965 1898 plus
981 1801 1068 1879 vivis
1080 1800 1329 1874 censebantur:
1354 1822 1394 1872 ut
1406 1800 1566 1873 credibile
1578 1799 1641 1891 stt,
1660 1804 1745 1898 po'e‘-

463 1897 577 1972 ticum
603 1898 704 1971 illum
729 1898 905 1971 Charonta
934 1898 967 1968 in
998 1895 1260 1992 transportandis
1284 1895 1401 1968 multis
1429 1896 1597 1967 minorem
1623 1896 1745 1988 fuille,

465 2010 571 2092 quam
585 1994 716 2065 nostrus
730 1994 897 2088 parochos
909 1994 942 2064 ia
956 1991 1157 2159 sepeltendo'.
1206 1992 1302 2065 Cum
1315 2010 1427 2062 autem
1441 1990 1507 2062 fine
1522 1991 1560 2062 iis
1578 1993 1745 2065 nundina·

463 2089 714 2162 'tionibuscum
732 2089 797 2159 luis
809 2087 968 2159 Draconis
1029 2084 1293 2187 Hypodiaconis
1306 2109 1408 2159 vetus
1422 2084 1539 2159 Pastor
1553 2082 1617 2159 sese
1628 2087 1669 2159 de
1681 2109 1746 2160 nu·
1857 2097 1860 2101 ’

464 2182 520 2257 dis
535 2182 696 2256 Ecclesiae
711 2181 876 2254 reditibus
900 2182 1081 2254 sustentate
1098 2206 1168 2254 non
1181 2179 1295 2275 poffit,
1320 2201 1357 2254 ut
1370 2180 1460 2278 saepe
1472 2180 1594 2253 nostris
1605 2181 1746 2256 autibus

464 2277 555 2350 inter
578 2275 848 2348 concionandum
868 2275 1053 2346 inculcavit
1071 2275 1240 2348 sinceriter
1262 2273 1361 2346 nobis
1381 2280 1414 2346 in
1438 2274 1579 2348 Christo
1599 2276 1746 2350 diledlus

462 2370 617 2446 eximius
634 2370 710 2454 vir,
739 2368 784 2435 D.
808 2368 972 2463 Magister
1002 2365 1209 2464 joachimus,
1244 2365 1306 2471 qui
1322 2369 1454 2531 alipuot
1469 2371 1539 2465 jam
1558 2371 1664 2469 annis·
1678 2369 1747 2444 sive

465 2488 531 2562 per
549 2463 768 2548 locationem,
792 2458 860 2531 sive
886 2484 945 2554 pet
962 2460 1058 2530 aliam
1080 2484 1150 2532 rem
1168 2484 1351 2556 quanpram
1387 2461 1466 2533 1&ae
1477 2464 1647 2559 parochiae
1660 2487 1749 2560 prae-

467 2559 560 2647 sut't,
583 2579 687 2652 atque
710 2555 755 2626 ita
779 2554 865 2628 inter
881 2552 1154 2628 concionandum
1180 2579 1242 2627 nos
1259 2554 1460 2643 admonuit,
1488 2579 1527 2630 ut
1545 2581 1747 2655 augeremus

469 2658 608 2728 uenlum
620 2650 834 2739 Ecclefiaepe
847 2670 1027 2750 cogeretur
1043 2673 1116 2722 earn
1136 2672 1179 2722 ex
1197 2649 1342 2749 egestate
1359 2650 1395 2722 &
1410 2652 1550 2746 penutil
1563 2675 1675 2725 retum
1688 2656 1748 2727 de·

470 2748 593 2823 serere:
621 2746 798 2822 consilium
824 2746 1060 2841 quaelivintuS,
1084 2767 1127 2818 ne
1143 2747 1188 2817 ita
1205 2757 1409 2845 perpetuum
1425 2745 1459 2819 bc
1480 2748 1550 2820 vivi
1569 2747 1746 2823 &mortui

471 2844 655 2942 vedligales
666 2844 702 2915 ὃ(
717 2844 749 2912 in
762 2844 910 2936 praedam
920 2840 1086 2914 ‘ell'emusr
1108 2841 1146 2915 &
1160 2860 1199 2913 ut
1211 2839 1279 2915 line
1291 2842 1356 2913 hoc
1368 2839 1468 2914 censu
1525 2842 1646 2917 storea
1659 2868 1750 2940 quo·

499 2964 542 3013 ue
557 2938 709 3012 nostrum
730 2935 869 3009 honeste
886 2960 925 3008 ac
948 2935 1145 3024 liberaliter,
1157 2941 1160 2948 '
1173 2958 1237 3031 pto
1256 2934 1395 3032 persona
1412 2938 1452 3009 δι’
1495 2937 1631 3037 ignitate
1644 2940 1750 3011 sacer·

471 2962 558 3108 dorii
572 3034 660 3106 alere
677 3029 854 3128 poffimus,
881 3053 953 3127 quo
966 3032 992 3101 is
1010 3032 1115 3103 modo
1126 3030 1160 3103 in
1174 3029 1313 3103 salutem
1329 3029 1477 3103 nostram
1491 3053 1678 3130 occupatus
1691 3035 1748 3124 lit,

473 3154 543 3202 non
558 3151 670 3202 autem
686 3126 846 3223 turpibus
858 3127 923 3198 illis
939 3126 1144 3199 rationibus:
1171 3144 1223 3197 tot
1236 3125 1362 3216 hodie,
1384 3146 1435 3198 tot
1448 3127 1538 3216 heti,
1560 3149 1610 3203 tot
1622 3130 1748 3204 nudius

474 3225 753 3395 reprtsiusdsuneta,
776 3244 879 3319 atque
897 3221 1026 3294 utinam
1043 3242 1145 3294 etiam
1163 3220 1291 3318 aliquid
1305 3219 1550 3316 incrastinum,
1575 3226 1750 3323 perendie,
1812 3273 1841 3285 -

540 3346 573 3392 tc
615 3343 707 3391 etnce
734 3344 761 3391 s.

525 3414 642 3506 Qram
669 3343 739 3487 reb
780 3411 865 3484 adeo
899 3408 1070 3508 indignam
1114 3410 1158 3483 ad
1196 3413 1319 3492 {acran
1354 3411 1392 3487 &
1426 3409 1603 3513 augustam
1633 3395 1769 3515 Regi!

475 3531 531 3581 arn
556 3509 764 3581 Ma'estatem
795 3506 843 3578 D.
874 3506 1119 3593 Ludovicum,
1155 3506 1412 3608 Hungatiarum
1439 3512 1476 3584 ὅ(
1501 3510 1654 3585 Bo'e'miae
1677 3513 1748 3584 Re·

474 3624 575 3703 gem,
642 3609 796 3677 ominum
840 3600 994 3673 nostrum
1029 3601 1361 3693 Clementiffimum,
1390 3624 1465 3677 tum
1500 3630 1560 3700 pet
1605 3608 1748 3706 legatos,

475 3720 551 3773 rum
565 3720 625 3793 per
637 3697 746 3770 literas
760 3697 959 3782 retulimus,
982 3696 1018 3769 ἃ
1039 3698 1179 3773 summis
1192 3695 1366 3773 laboribus
1379 3700 1413 3771 ὃ(
1427 3703 1586 3796 precibus
1598 3701 1751 3775 obtinui·

476 3819 573 3869 mus:
601 3793 650 3864 uti
671 3816 735 3885 pto
759 3792 857 3863 nohis
880 3790 1057 3863 Maximus
1077 3792 1160 3865 Rex
1178 3796 1269 3893 apud
1289 3793 1461 3867 summum
1484 3796 1686 3870 Pontificem
1701 3805 1751 3869 in·

477 3889 683 3975 rerccdetet,
705 3909 777 3982 quo
807 3888 909 3980 isius
933 3885 1135 3985 eligendi&
1158 3890 1377 3984 praeseutandi
1401 3889 1567 3984 pastorem
1592 3893 1751 3967 ecctcfiae

476 3989 602 4059 nollrae
621 3982 719 4053 nobis
735 3977 1023 4075 conferret,quod
1037 3982 1073 4053 ὅ(
1088 3979 1199 4144 Ἀνίου]
1214 3984 1234 4055 a
1248 3984 1303 4055 sua
1314 3983 1512 4075 sanctitate,
1536 3989 1626 4062 tanti
1637 3988 1751 4060 humi·

458 4081 586 4164 litate,
609 4100 733 4175 quanta
745 4098 804 4175 par
825 4074 892 4167 est,
913 4097 975 4148 nos
995 4075 1303 4246 expoHulavimus.
1352 4081 1408 4153 Ad
1426 4103 1529 4178 quanr
1551 4084 1749 4179 postulatio·

1150 4194 1173 4246 2
1671 4201 1749 4253 nem
