4442 5150
460 623 631 722 tityre,
795 568 1515 705 RfldNOVA'l'l.¹
1702 659 1774 740 ¹77

458 749 586 856 loquio
605 750 858 829 Oldershemio
878 755 914 829 in
931 756 1061 854 vulgus
1079 755 1213 850 edidit,
1240 779 1282 831 ut
1300 760 1337 833 in
1354 761 1421 833 hac
1439 762 1770 861 quoquedodirinae

458 875 561 954 parte
587 854 707 927 lucem
732 852 885 949 aliquam
914 855 1093 927 mentibus
1114 850 1334 948 affunderet,
1360 882 1441 953 quae
1462 862 1605 955 quidem
1625 864 1675 936 ita
1692 866 1771 959 pla·-

457 954 558 1045 euit,
575 966 617 1026 ut
634 951 714 1024 ulus
732 950 808 1045 ejus
826 953 862 1022 in
874 945 1053 1024 Ecclesiis'
1062 950 1178 1025 statim
1198 956 1426 1050 reciperetur.
1454 961 1575 1052 Atque
1592 985 1663 1033 eam
1673 964 1771 1038 Odere

458 1051 655 1125 comitatus
679 1046 731 1120 esl
757 1049 794 1120 in
821 1048 938 1122 lucem
965 1050 1086 1122 exiens
1107 1048 1327 1131 brevissimus
1344 1050 1512 1126 traslatus
1529 1057 1691 1130 de'eodem
1708 1067 1768 1136 illu

455 1149 605 1244 mysterio
632 1147 653 1218 d
679 1146 845 1242 Georgio
871 1152 1044 1240 Apartaao
1069 1145 1315 1244 conscriptus,
1350 1149 1388 1222 dc
1414 1154 1613 1247 pencapira
1629 1154 1771 1251 aliquot

456 1246 638 1346 digestus,
672 1269 746 1341 quo
772 1245 916 1316 obviam
944 1245 1035 1316 itum
1063 1244 1313 1337 idolomaniae,
1348 1246 1385 1319 dt
1403 1247 1479 1319 aliis
1496 1247 1769 1349 superstitiofis,

457 1345 496 1420 δε
523 1367 608 1419 curn
634 1342 798 1438 analogia
822 1340 906 1415 fidei
934 1341 1178 1439 pugnantibus
1195 1343 1449 1438 opinionibus,
1475 1368 1558 1440 quae
1576 1366 1654 1419 tum
1673 1350 1768 1423 vici·

455 1443 511 1516 nis
535 1443 573 1514 in
600 1440 807 1536 regionibus
834 1442 870 1511 in
896 1437 1032 1510 scenam
1058 1440 1264 1536 prodibant.
1306 1444 1423 1535 Restur
1448 1461 1567 1514 autem
1590 1445 1665 1541 jam
1687 1446 1769 1523 satis

456 1538 757 1613 confirmatus&
784 1534 1086 1631 derelinquendo
1114 1537 1238 1610 ordine
1263 1557 1406 1630 certus,
1452 1558 1495 1611 ut
1520 1543 1655 1636 majore
1681 1567 1768 1618 cum
1917 1626 1920 1640 ,

455 1635 578 1711 metu
605 1638 675 1719 hoc
703 1632 862 1726 laceret,
900 1635 1020 1729 capita
1045 1633 1184 1730 aliquot
1210 1632 1384 1706 doslrinae
1410 1635 1453 1707 ad
1478 1634 1717 1714 subruendum
1745 1639 1768 1715 d

455 1733 572 1808 fundo
598 1732 803 1829 Papismum
831 1750 1037 1827 comparata
1061 1731 1222 1826 conjecit
1247 1733 1284 1803 in
1310 1733 1491 1825 chartam,
1525 1734 1564 1808 dt
1590 1738 1697 1834 eopia
1721 1739 1768 1812 ab

456 1832 727 1906 EDZARDO
740 1830 889 1903 Comite
902 1826 1346 1924 libentiffimeimpetrata,
1366 1833 1503 1924 Erndae,
1522 1836 1670 1926 Nordae,
1688 1842 1767 1910 Aa·

455 1937 556 2025 ricae,
587 1929 746 2025 adeoque
772 1925 892 2025 paffim
912 1926 1169 1999 celebrioribus
1186 1928 1276 2000 locis
1293 1929 1406 2001 totius
1424 1931 1526 2025 regni
1544 1931 1768 2026 templorum

455 2028 569 2102 valvis
595 2029 735 2100 curavit
761 2024 874 2123 affigi.
918 2024 1033 2097 Simul
1059 2021 1148 2098 verb
1175 2025 1341 2098 omnibus
1358 2027 1529 2119 eruditis,
1556 2029 1685 2122 quibus
1703 2054 1768 2127 pa-

455 2127 590 2224 pismus
607 2127 723 2199 adhue
742 2122 899 2219 sapiebat
916 2122 1011 2220 apud
1029 2121 1180 2214 Frisios,
1207 2123 1457 2216 denunciavit,
1486 2124 1549 2196 ista
1566 2123 1599 2199 se
1617 2125 1766 2223 publice

457 2221 693 2318 disputantem
720 2222 812 2294 tueri
831 2241 993 2317 paratum
1013 2218 1103 2312 elle,
1130 2240 1256 2292 contra
1272 2221 1417 2317 quosvis
1433 2219 1695 2316 dissentientes,
1721 2249 1765 2300 ac

458 2343 667 2422 oppugnare
685 2319 868 2411 volentes,
894 2319 1135 2415 invitavitque
1151 2317 1193 2389 ad
1213 2317 1414 2390 faciendum
1433 2320 1656 2413 periculum,
1675 2344 1767 2395 cun·-

367 2464 369 2469 ·
454 2416 553 2513 dios,
579 2418 709 2519 quibus
727 2419 862 2490 animus
880 2413 984 2507 esset,
1008 2436 1069 2488 aut
1086 2418 1148 2513 qui
1167 2415 1392 2512 pontificiam
1411 2415 1621 2516 religionem
1641 2417 1766 2493 affere·

454 2540 493 2591 re
514 2517 548 2590 se
565 2516 665 2614 posse
681 2539 828 2613 quoquo
845 2513 955 2586 modo
971 2512 1238 2587 arbitrarentur.
1278 2513 1519 2604 Ecclefiarum
1538 2537 1681 2615 quoque
1698 2519 1767 2592 Pa·

456 2613 569 2686 stores
586 2613 829 2705 orthodoxos,
857 2612 985 2708 quibus
1006 2636 1069 2708 per
1085 2614 1206 2683 munia
1224 2611 1407 2683 ministerii
1426 2611 1476 2684 sui
1495 2614 1530 2684 id
1552 2615 1697 2706 liceret,
1724 2635 1767 2691 ut

459 2708 593 2782 astioni
610 2710 768 2783 interesse
787 2709 1070 2784 &discutiendis
1087 2731 1249 2781 errorum
1268 2707 1421 2781 tenebris
1440 2732 1584 2819 operam
1604 2714 1769 2786 conferre
1853 2787 1856 2793 f

457 2807 615 2901 vellent,
650 2806 857 2881 obsecravit.
902 2809 1011 2881 Diem
1039 2807 1076 2880 dt
1104 2808 1225 2879 locum
1251 2803 1382 2879 astioni
1401 2806 1495 2878 dixit
1513 2807 1686 2879 Calendas
1703 2798 1789 2901 Ja·⁰

455 2908 595 2980 nuarias
614 2906 694 2978 anni
713 2904 909 3004 sequentis,
935 2904 1029 3001 apud
1048 2904 1245 2978 Nordanos
1264 2906 1300 2975 in
1318 2903 1401 2977 fano
1418 2903 1595 2978 Coenobii
1612 2902 1676 2977 sui.

501 3016 534 3092 §.
553 3004 744 3077 LXXIII.
773 3004 841 3077 Sed
862 3003 949 3075 illud
969 3004 1115 3077 unicum
1135 3028 1179 3076 ex
1199 3002 1301 3075 rebus
1321 3002 1706 3077 BREMENSIBUS
1721 3002 1779 3081 ad

453 3102 550 3175 hunc
579 3105 725 3175 Annum
746 3126 1028 3174 commemorare
1047 3101 1150 3173 nobis
1166 3099 1340 3196 sufficiat,
1365 3102 1464 3200 quod
1484 3102 1663 3175 Canonici
1681 3103 1764 3176 Ste-

454 3200 620 3297 phaniani
632 3201 682 3294 (a)
694 3220 772 3273 tum
786 3199 849 3282 fibi
861 3198 942 3295 ipsis
954 3199 1187 3295 imposuerint
1200 3198 1390 3272 silentium.
1411 3200 1506 3273 Cum
1517 3202 1611 3273 enim
1623 3202 1659 3272 in
1670 3198 1765 3298 ipso·

453 3321 532 3370 rum
559 3299 721 3394 templo,
752 3299 968 3370 Hermannus
993 3299 1160 3394 quidam,
1191 3297 1260 3370 Vir
1279 3297 1443 3389 Dodius,
1470 3300 1507 3372 &
1528 3299 1662 3393 puriori
1682 3296 1766 3369 reli·

453 3395 554 3494 gioni
579 3394 765 3487 ¹addislus,
800 3394 886 3467 ellet
912 3393 1091 3491 sepultus,
1118 3396 1318 3488 Canonici,
1345 3396 1442 3488 quod
1460 3394 1623 3465 haeretici
1642 3393 1761 3462 homi-

453 3495 507 3566 nis
529 3492 710 3590 sepultura
727 3492 820 3564 aedes
838 3492 948 3565 sacras
966 3494 1222 3566 contaminatas
1237 3490 1305 3564 elle
1324 3516 1407 3563 cum
1426 3484 1664 3583 superstitiold
1683 3507 1764 3561 tum

454 3589 566 3685 impie
580 3592 807 3687 judicarent,
835 3588 899 3662 sibi
918 3590 1000 3663 inde
1017 3590 1244 3687 migrandum
1263 3586 1331 3660 elle
1349 3601 1582 3681 reputarunt,
1607 3606 1677 3680 qua
1695 3585 1764 3657 mi·

455 3688 619 3782 gratione
644 3687 857 3784 spontanea,
893 3688 990 3784 quod
1018 3686 1122 3759 simul
1146 3685 1347 3782 Evangelio
1372 3702 1534 3779 apertam·
1555 3682 1766 3780 reliquerint

448 3786 620 3881 januam,
647 3786 808 3858 laetamur
826 3783 980 3878 meritd,
1006 3786 1170 3883 gratique
1189 3783 1430 3855 recordamur.

503 3883 605 3954 Inter
622 3881 948 3979 LutheriScripta,
967 3908 1049 3980 quae
1070 3885 1115 3953 A.
1130 3892 1234 3977 1526.
1260 3880 1492 3978 prodierunt,
1512 3879 1674 3977 inprimis
1686 3880 1762 3951 Ex·

446 3986 564 4077 pofitio
581 3997 726 4076 quatuor
741 3982 951 4079 Psalmarum
966 4003 1019 4077 37.
1036 3991 1094 4054 62.
1108 4003 1169 4074 94.
1190 3980 1324 4062 &1095
1347 4002 1451 4076 quam
1470 3977 1533 4051 sub
1552 3980 1634 4051 anni
1653 3978 1762 4049 finem

452 4079 598 4173 edidit,
642 4085 918 4155 commemorari
942 4098 1121 4173 meretur,
1157 4101 1241 4151 cum
1268 4078 1351 4150 alias
1377 4080 1425 4151 ob
1453 4078 1628 4169 rationes,
1663 4077 1766 4257 turp(3
1863 4154 1884 4205 N

1665 4196 1713 4268 qu
1769 4228 1775 4248 2

494 4289 542 4370 (a)
567 4290 630 4357 vra.
649 4273 1034 4359 scodrensem.
1053 4284 1288 4373 dec.11.p.86.
1311 4284 1516 4353 escarium
1531 4281 1703 4362 eremana.
