<?xml version="1.0" encoding="UTF-8"?>
<!DOCTYPE html PUBLIC "-//W3C//DTD XHTML 1.0 Transitional//EN"
    "http://www.w3.org/TR/xhtml1/DTD/xhtml1-transitional.dtd">
<html xmlns="http://www.w3.org/1999/xhtml" xml:lang="en" lang="en">
 <head>
  <title>
</title>
<meta http-equiv="Content-Type" content="text/html;charset=utf-8" />
  <meta name='ocr-system' content='tesseract 3.04.00' />
  <meta name='ocr-capabilities' content='ocr_page ocr_carea ocr_par ocr_line ocrx_word'/>
</head>
<body>
  <div class='ocr_page' id='page_1' title='image "./introductioinhi01gerdgoog_0175.png"; bbox 0 0 4442 5150; ppageno 0'>
   <div class='ocr_carea' id='block_1_1' title="bbox 453 623 1763 757">
    <p class='ocr_par' dir='ltr' id='par_1_1' title="bbox 453 623 1763 757">
     <span class='ocr_line' id='line_1_1' title="bbox 453 623 1763 757; baseline 0.006 -29"><span class='ocrx_word' id='word_1_1' title='bbox 453 649 628 751; x_wconf 56' lang='lat' dir='ltr'>miser.</span> <span class='ocrx_word' id='word_1_2' title='bbox 792 642 832 727; x_wconf 83' lang='lat' dir='ltr'>tt</span> <span class='ocrx_word' id='word_1_3' title='bbox 880 640 914 727; x_wconf 76' lang='lat' dir='ltr'>E.</span> <span class='ocrx_word' id='word_1_4' title='bbox 962 642 1005 726; x_wconf 92' lang='lat' dir='ltr'>N</span> <span class='ocrx_word' id='word_1_5' title='bbox 1055 638 1093 725; x_wconf 86' lang='lat' dir='ltr'>O</span> <span class='ocrx_word' id='word_1_6' title='bbox 1141 639 1180 725; x_wconf 90' lang='lat' dir='ltr'>V</span> <span class='ocrx_word' id='word_1_7' title='bbox 1229 639 1263 725; x_wconf 77' lang='lat' dir='ltr'>A</span> <span class='ocrx_word' id='word_1_8' title='bbox 1311 645 1350 725; x_wconf 76' lang='lat' dir='ltr'>&#39;l‘</span> <span class='ocrx_word' id='word_1_9' title='bbox 1399 637 1430 728; x_wconf 82' lang='lat' dir='ltr'>i.</span> <span class='ocrx_word' id='word_1_10' title='bbox 1690 623 1763 757; x_wconf 36' lang='lat' dir='ltr'>&#39;tri</span> 
     </span>
    </p>
   </div>
   <div class='ocr_carea' id='block_1_2' title="bbox 444 768 1766 3699">
    <p class='ocr_par' dir='ltr' id='par_1_2' title="bbox 444 768 1766 3699">
     <span class='ocr_line' id='line_1_2' title="bbox 453 768 1764 885; baseline 0.006 -30"><span class='ocrx_word' id='word_1_11' title='bbox 453 781 560 878; x_wconf 81' lang='lat' dir='ltr'>„bur</span> <span class='ocrx_word' id='word_1_12' title='bbox 579 779 773 871; x_wconf 88' lang='lat' dir='ltr'>docerent,</span> <span class='ocrx_word' id='word_1_13' title='bbox 799 782 1025 878; x_wconf 86' lang='lat' dir='ltr'>vellentque,</span> <span class='ocrx_word' id='word_1_14' title='bbox 1052 800 1093 854; x_wconf 90' lang='lat' dir='ltr'>ut</span> <span class='ocrx_word' id='word_1_15' title='bbox 1113 781 1235 856; x_wconf 86' lang='lat' dir='ltr'>clerici</span> <span class='ocrx_word' id='word_1_16' title='bbox 1253 782 1419 858; x_wconf 87' lang='lat' dir='ltr'>oneribus</span> <span class='ocrx_word' id='word_1_17' title='bbox 1436 779 1592 880; x_wconf 79' lang='lat' dir='ltr'><strong>publicis</strong></span> <span class='ocrx_word' id='word_1_18' title='bbox 1608 768 1764 885; x_wconf 78' lang='lat' dir='ltr'>lubjl&#39;ce·</span> 
     </span>
     <span class='ocr_line' id='line_1_3' title="bbox 455 878 1766 976; baseline 0.005 -23"><span class='ocrx_word' id='word_1_19' title='bbox 455 930 484 976; x_wconf 88' lang='lat'><strong>„</strong></span> <span class='ocrx_word' id='word_1_20' title='bbox 495 898 641 969; x_wconf 86' lang='lat' dir='ltr'>rentur,</span> <span class='ocrx_word' id='word_1_21' title='bbox 659 878 936 953; x_wconf 82' lang='lat' dir='ltr'>mendicationes</span> <span class='ocrx_word' id='word_1_22' title='bbox 948 878 1206 953; x_wconf 87' lang='lat' dir='ltr'>monachorum</span> <span class='ocrx_word' id='word_1_23' title='bbox 1218 879 1512 976; x_wconf 66' lang='lat' dir='ltr'>prohiberentur,</span> <span class='ocrx_word' id='word_1_24' title='bbox 1529 881 1766 960; x_wconf 67' lang='lat' dir='ltr'>licentiante-</span> 
     </span>
     <span class='ocr_line' id='line_1_4' title="bbox 455 969 1766 1078; baseline 0.005 -28"><span class='ocrx_word' id='word_1_25' title='bbox 455 977 582 1073; x_wconf 87' lang='lat' dir='ltr'>„undi</span> <span class='ocrx_word' id='word_1_26' title='bbox 608 969 628 1046; x_wconf 79' lang='lat' dir='ltr'>d</span> <span class='ocrx_word' id='word_1_27' title='bbox 655 976 814 1049; x_wconf 80' lang='lat' dir='ltr'>claustris</span> <span class='ocrx_word' id='word_1_28' title='bbox 840 979 1025 1074; x_wconf 84' lang='lat' dir='ltr'>utriusque</span> <span class='ocrx_word' id='word_1_29' title='bbox 1047 976 1147 1050; x_wconf 80' lang='lat' dir='ltr'>sexus</span> <span class='ocrx_word' id='word_1_30' title='bbox 1165 977 1348 1050; x_wconf 88' lang='lat' dir='ltr'>monachis</span> <span class='ocrx_word' id='word_1_31' title='bbox 1367 978 1634 1076; x_wconf 84' lang='lat' dir='ltr'>indulgeretur,</span> <span class='ocrx_word' id='word_1_32' title='bbox 1659 993 1766 1078; x_wconf 74' lang='lat' dir='ltr'>atque</span> 
     </span>
     <span class='ocr_line' id='line_1_5' title="bbox 454 1072 1766 1171; baseline 0.005 -23"><span class='ocrx_word' id='word_1_33' title='bbox 454 1072 707 1170; x_wconf 85' lang='lat' dir='ltr'>„exeuntibus</span> <span class='ocrx_word' id='word_1_34' title='bbox 733 1074 822 1146; x_wconf 90' lang='lat' dir='ltr'>nulli</span> <span class='ocrx_word' id='word_1_35' title='bbox 847 1073 1164 1166; x_wconf 78' lang='lat' dir='ltr'>substituerentur,</span> <span class='ocrx_word' id='word_1_36' title='bbox 1197 1075 1405 1146; x_wconf 78' lang='lat' dir='ltr'>donationes</span> <span class='ocrx_word' id='word_1_37' title='bbox 1430 1079 1472 1146; x_wconf 83' lang='lat' dir='ltr'>ad</span> <span class='ocrx_word' id='word_1_38' title='bbox 1500 1078 1572 1171; x_wconf 83' lang='lat' dir='ltr'>pias</span> <span class='ocrx_word' id='word_1_39' title='bbox 1596 1078 1710 1151; x_wconf 84' lang='lat' dir='ltr'>causas</span> <span class='ocrx_word' id='word_1_40' title='bbox 1729 1083 1766 1155; x_wconf 82' lang='lat' dir='ltr'>in</span> 
     </span>
     <span class='ocr_line' id='line_1_6' title="bbox 454 1169 1765 1267; baseline 0 -22"><span class='ocrx_word' id='word_1_41' title='bbox 454 1190 722 1267; x_wconf 85' lang='lat' dir='ltr'>„communem</span> <span class='ocrx_word' id='word_1_42' title='bbox 743 1169 916 1244; x_wconf 82' lang='lat' dir='ltr'>Eccrefiae</span> <span class='ocrx_word' id='word_1_43' title='bbox 935 1171 1060 1245; x_wconf 86' lang='lat' dir='ltr'>fiscum</span> <span class='ocrx_word' id='word_1_44' title='bbox 1079 1171 1348 1263; x_wconf 82' lang='lat' dir='ltr'>conferrentur,</span> <span class='ocrx_word' id='word_1_45' title='bbox 1372 1171 1623 1266; x_wconf 83' lang='lat' dir='ltr'>anniversaria,</span> <span class='ocrx_word' id='word_1_46' title='bbox 1641 1174 1765 1254; x_wconf 53' lang='lat' dir='ltr'>frater*</span> 
     </span>
     <span class='ocr_line' id='line_1_7' title="bbox 453 1268 1766 1365; baseline 0.005 -23"><span class='ocrx_word' id='word_1_47' title='bbox 453 1318 481 1364; x_wconf 87' lang='lat'>,‚</span> <span class='ocrx_word' id='word_1_48' title='bbox 490 1270 639 1358; x_wconf 82' lang='lat' dir='ltr'>nitutes,</span> <span class='ocrx_word' id='word_1_49' title='bbox 659 1271 819 1365; x_wconf 81' lang='lat' dir='ltr'>exequiae</span> <span class='ocrx_word' id='word_1_50' title='bbox 830 1286 1056 1340; x_wconf 86' lang='lat' dir='ltr'>mortuorum</span> <span class='ocrx_word' id='word_1_51' title='bbox 1068 1268 1103 1339; x_wconf 93' lang='lat' dir='ltr'>in</span> <span class='ocrx_word' id='word_1_52' title='bbox 1114 1271 1256 1364; x_wconf 85' lang='lat' dir='ltr'>templis</span> <span class='ocrx_word' id='word_1_53' title='bbox 1267 1270 1496 1358; x_wconf 88' lang='lat' dir='ltr'>tollerentur,</span> <span class='ocrx_word' id='word_1_54' title='bbox 1517 1268 1589 1342; x_wconf 79' lang='lat' dir='ltr'>dle.</span> <span class='ocrx_word' id='word_1_55' title='bbox 1616 1272 1766 1350; x_wconf 67' lang='lat' dir='ltr'>Senatui</span> 
     </span>
     <span class='ocr_line' id='line_1_8' title="bbox 453 1366 1764 1464; baseline 0.002 -23"><span class='ocrx_word' id='word_1_56' title='bbox 453 1366 1091 1464; x_wconf 77' lang='lat' dir='ltr'>ltaqueDionyſsoMELANl)R0‚</span> <span class='ocrx_word' id='word_1_57' title='bbox 1109 1367 1641 1464; x_wconf 79' lang='lat' dir='ltr'>quemlohannesGaylingius,</span> <span class='ocrx_word' id='word_1_58' title='bbox 1662 1369 1764 1443; x_wconf 88' lang='lat' dir='ltr'>Con·</span> 
     </span>
     <span class='ocr_line' id='line_1_9' title="bbox 452 1462 1764 1561; baseline 0.001 -23"><span class='ocrx_word' id='word_1_59' title='bbox 452 1462 620 1538; x_wconf 73' lang='lat' dir='ltr'>tinuatur</span> <span class='ocrx_word' id='word_1_60' title='bbox 636 1464 687 1558; x_wconf 84' lang='lat' dir='ltr'>(a)</span> <span class='ocrx_word' id='word_1_61' title='bbox 714 1465 804 1536; x_wconf 85' lang='lat' dir='ltr'>aulae</span> <span class='ocrx_word' id='word_1_62' title='bbox 833 1462 1167 1558; x_wconf 85' lang='lat' dir='ltr'>Heidelbergensrs‚</span> <span class='ocrx_word' id='word_1_63' title='bbox 1202 1464 1764 1561; x_wconf 23' lang='lat' dir='ltr'>eumprlmispcornmendaverat,</span> 
     </span>
     <span class='ocr_line' id='line_1_10' title="bbox 454 1560 1765 1658; baseline 0.001 -22"><span class='ocrx_word' id='word_1_64' title='bbox 454 1562 495 1636; x_wconf 72' lang='lat' dir='ltr'>dl</span> <span class='ocrx_word' id='word_1_65' title='bbox 519 1564 604 1658; x_wconf 81' lang='lat' dir='ltr'>Jab.</span> <span class='ocrx_word' id='word_1_66' title='bbox 621 1562 795 1634; x_wconf 78' lang='lat' dir='ltr'>Bernerda</span> <span class='ocrx_word' id='word_1_67' title='bbox 820 1563 859 1634; x_wconf 75' lang='lat' dir='ltr'>de</span> <span class='ocrx_word' id='word_1_68' title='bbox 884 1564 1091 1658; x_wconf 78' lang='lat' dir='ltr'>Algtrsheim</span> <span class='ocrx_word' id='word_1_69' title='bbox 1117 1560 1176 1632; x_wconf 82' lang='lat' dir='ltr'>hat</span> <span class='ocrx_word' id='word_1_70' title='bbox 1200 1561 1297 1632; x_wconf 84' lang='lat' dir='ltr'>vices</span> <span class='ocrx_word' id='word_1_71' title='bbox 1323 1561 1577 1654; x_wconf 80' lang='lat' dir='ltr'>demandabat,</span> <span class='ocrx_word' id='word_1_72' title='bbox 1602 1561 1687 1634; x_wconf 84' lang='lat' dir='ltr'>dum</span> <span class='ocrx_word' id='word_1_73' title='bbox 1709 1567 1765 1637; x_wconf 88' lang='lat' dir='ltr'>in·</span> 
     </span>
     <span class='ocr_line' id='line_1_11' title="bbox 456 1655 1765 1755; baseline 0.001 -23"><span class='ocrx_word' id='word_1_74' title='bbox 456 1677 551 1732; x_wconf 83' lang='lat' dir='ltr'>terea</span> <span class='ocrx_word' id='word_1_75' title='bbox 576 1657 782 1748; x_wconf 79' lang='lat' dir='ltr'>Lutberur,</span> <span class='ocrx_word' id='word_1_76' title='bbox 817 1660 994 1731; x_wconf 87' lang='lat' dir='ltr'>incertum</span> <span class='ocrx_word' id='word_1_77' title='bbox 1023 1655 1152 1753; x_wconf 84' lang='lat' dir='ltr'>quibus</span> <span class='ocrx_word' id='word_1_78' title='bbox 1178 1673 1361 1752; x_wconf 79' lang='lat' dir='ltr'>permotus</span> <span class='ocrx_word' id='word_1_79' title='bbox 1387 1657 1604 1750; x_wconf 84' lang='lat' dir='ltr'>rationibus,</span> <span class='ocrx_word' id='word_1_80' title='bbox 1629 1659 1765 1755; x_wconf 76' lang='lat' dir='ltr'>Jobarr&#39;·</span> 
     </span>
     <span class='ocr_line' id='line_1_12' title="bbox 454 1754 1765 1856; baseline 0 -26"><span class='ocrx_word' id='word_1_81' title='bbox 454 1775 527 1830; x_wconf 71' lang='lat' dir='ltr'>erm</span> <span class='ocrx_word' id='word_1_82' title='bbox 548 1759 740 1852; x_wconf 75' lang='lat' dir='ltr'>Agricolam</span> <span class='ocrx_word' id='word_1_83' title='bbox 760 1754 929 1828; x_wconf 83' lang='lat' dir='ltr'>lslebiunr</span> <span class='ocrx_word' id='word_1_84' title='bbox 949 1754 1225 1827; x_wconf 82' lang='lat' dir='ltr'>Francofurturn</span> <span class='ocrx_word' id='word_1_85' title='bbox 1246 1756 1286 1824; x_wconf 91' lang='lat' dir='ltr'>ad</span> <span class='ocrx_word' id='word_1_86' title='bbox 1307 1756 1476 1827; x_wconf 80' lang='lat' dir='ltr'>Senatum</span> <span class='ocrx_word' id='word_1_87' title='bbox 1495 1757 1677 1848; x_wconf 82' lang='lat' dir='ltr'>mitteret,</span> <span class='ocrx_word' id='word_1_88' title='bbox 1702 1759 1765 1856; x_wconf 88' lang='lat' dir='ltr'>qui</span> 
     </span>
     <span class='ocr_line' id='line_1_13' title="bbox 456 1850 1765 1950; baseline 0.001 -24"><span class='ocrx_word' id='word_1_89' title='bbox 456 1852 647 1950; x_wconf 72' lang='lat' dir='ltr'>Evangelii</span> <span class='ocrx_word' id='word_1_90' title='bbox 675 1853 904 1950; x_wconf 80' lang='lat' dir='ltr'>praeconibus</span> <span class='ocrx_word' id='word_1_91' title='bbox 930 1852 1134 1945; x_wconf 81' lang='lat' dir='ltr'>aliquandiu</span> <span class='ocrx_word' id='word_1_92' title='bbox 1159 1850 1335 1924; x_wconf 80' lang='lat' dir='ltr'>adsisteret</span> <span class='ocrx_word' id='word_1_93' title='bbox 1363 1853 1453 1945; x_wconf 84' lang='lat' dir='ltr'>(b);·</span> <span class='ocrx_word' id='word_1_94' title='bbox 1480 1852 1570 1924; x_wconf 86' lang='lat' dir='ltr'>Duo</span> <span class='ocrx_word' id='word_1_95' title='bbox 1597 1852 1684 1926; x_wconf 80' lang='lat' dir='ltr'>verb</span> <span class='ocrx_word' id='word_1_96' title='bbox 1711 1854 1765 1927; x_wconf 92' lang='lat' dir='ltr'>illi</span> 
     </span>
     <span class='ocr_line' id='line_1_14' title="bbox 455 1948 1763 2047; baseline 0.001 -23"><span class='ocrx_word' id='word_1_97' title='bbox 455 1949 666 2042; x_wconf 75' lang='lat' dir='ltr'>Praecones,</span> <span class='ocrx_word' id='word_1_98' title='bbox 690 1953 869 2046; x_wconf 80' lang='lat' dir='ltr'>Dirnystus</span> <span class='ocrx_word' id='word_1_99' title='bbox 885 1952 922 2022; x_wconf 71' lang='grc' dir='ltr'>δε</span> <span class='ocrx_word' id='word_1_100' title='bbox 940 1951 1133 2043; x_wconf 79' lang='lat' dir='ltr'>Johannes,</span> <span class='ocrx_word' id='word_1_101' title='bbox 1161 1951 1351 2047; x_wconf 81' lang='lat' dir='ltr'>(Agricola</span> <span class='ocrx_word' id='word_1_102' title='bbox 1367 1952 1461 2022; x_wconf 87' lang='lat' dir='ltr'>enim</span> <span class='ocrx_word' id='word_1_103' title='bbox 1479 1948 1580 2021; x_wconf 85' lang='lat' dir='ltr'>brevi</span> <span class='ocrx_word' id='word_1_104' title='bbox 1598 1951 1678 2047; x_wconf 87' lang='lat' dir='ltr'>poll</span> <span class='ocrx_word' id='word_1_105' title='bbox 1696 1953 1763 2025; x_wconf 86' lang='lat' dir='ltr'>ho·</span> 
     </span>
     <span class='ocr_line' id='line_1_15' title="bbox 453 2045 1764 2146; baseline 0.003 -26"><span class='ocrx_word' id='word_1_106' title='bbox 453 2047 607 2122; x_wconf 76' lang='lat' dir='ltr'>aurifice</span> <span class='ocrx_word' id='word_1_107' title='bbox 624 2047 890 2133; x_wconf 83' lang='lat' dir='ltr'>dimittebatur)</span> <span class='ocrx_word' id='word_1_108' title='bbox 908 2045 1055 2142; x_wconf 75' lang='lat' dir='ltr'>egregie</span> <span class='ocrx_word' id='word_1_109' title='bbox 1074 2060 1151 2118; x_wconf 86' lang='lat' dir='ltr'>tum</span> <span class='ocrx_word' id='word_1_110' title='bbox 1172 2046 1306 2119; x_wconf 74' lang='lat' dir='ltr'>caulam</span> <span class='ocrx_word' id='word_1_111' title='bbox 1329 2048 1517 2143; x_wconf 80' lang='lat' dir='ltr'>Evangelii</span> <span class='ocrx_word' id='word_1_112' title='bbox 1536 2058 1764 2146; x_wconf 84' lang='lat' dir='ltr'>promovere,</span> 
     </span>
     <span class='ocr_line' id='line_1_16' title="bbox 454 2143 1765 2244; baseline 0.003 -28"><span class='ocrx_word' id='word_1_113' title='bbox 454 2161 563 2241; x_wconf 72' lang='lat' dir='ltr'>atque</span> <span class='ocrx_word' id='word_1_114' title='bbox 588 2145 670 2218; x_wconf 90' lang='lat' dir='ltr'>inde</span> <span class='ocrx_word' id='word_1_115' title='bbox 696 2143 717 2217; x_wconf 73' lang='lat' dir='ltr'>l</span> <span class='ocrx_word' id='word_1_116' title='bbox 743 2145 860 2218; x_wconf 86' lang='lat' dir='ltr'>mense</span> <span class='ocrx_word' id='word_1_117' title='bbox 882 2145 994 2238; x_wconf 88' lang='lat' dir='ltr'>Junio</span> <span class='ocrx_word' id='word_1_118' title='bbox 1021 2162 1149 2239; x_wconf 82' lang='lat' dir='ltr'>magna</span> <span class='ocrx_word' id='word_1_119' title='bbox 1176 2168 1259 2215; x_wconf 87' lang='lat' dir='ltr'>curn</span> <span class='ocrx_word' id='word_1_120' title='bbox 1288 2143 1550 2236; x_wconf 76' lang='lat' dir='ltr'>edificatione,</span> <span class='ocrx_word' id='word_1_121' title='bbox 1576 2147 1765 2244; x_wconf 87' lang='lat' dir='ltr'>multoque</span> 
     </span>
     <span class='ocr_line' id='line_1_17' title="bbox 455 2239 1763 2340; baseline 0.002 -27"><span class='ocrx_word' id='word_1_122' title='bbox 455 2258 542 2313; x_wconf 86' lang='lat' dir='ltr'>cum</span> <span class='ocrx_word' id='word_1_123' title='bbox 568 2242 735 2340; x_wconf 82' lang='lat' dir='ltr'>applausu</span> <span class='ocrx_word' id='word_1_124' title='bbox 762 2260 886 2338; x_wconf 87' lang='lat' dir='ltr'>puram</span> <span class='ocrx_word' id='word_1_125' title='bbox 915 2254 1021 2336; x_wconf 88' lang='lat' dir='ltr'>atque</span> <span class='ocrx_word' id='word_1_126' title='bbox 1047 2239 1069 2312; x_wconf 74' lang='lat' dir='ltr'>a</span> <span class='ocrx_word' id='word_1_127' title='bbox 1094 2239 1216 2315; x_wconf 78' lang='lat' dir='ltr'>scoriis</span> <span class='ocrx_word' id='word_1_128' title='bbox 1239 2241 1441 2315; x_wconf 81' lang='lat' dir='ltr'>Pontificiia</span> <span class='ocrx_word' id='word_1_129' title='bbox 1459 2256 1686 2338; x_wconf 83' lang='lat' dir='ltr'>repurgatam</span> <span class='ocrx_word' id='word_1_130' title='bbox 1707 2247 1763 2316; x_wconf 89' lang='lat' dir='ltr'>in·</span> 
     </span>
     <span class='ocr_line' id='line_1_18' title="bbox 457 2337 1764 2437; baseline 0.005 -28"><span class='ocrx_word' id='word_1_131' title='bbox 457 2337 598 2414; x_wconf 67' lang='lat' dir='ltr'>culture</span> <span class='ocrx_word' id='word_1_132' title='bbox 623 2337 821 2414; x_wconf 77' lang='lat' dir='ltr'>dodlrinam</span> <span class='ocrx_word' id='word_1_133' title='bbox 850 2338 1078 2437; x_wconf 84' lang='lat' dir='ltr'>pergebant,</span> <span class='ocrx_word' id='word_1_134' title='bbox 1113 2337 1198 2410; x_wconf 90' lang='lat' dir='ltr'>dum</span> <span class='ocrx_word' id='word_1_135' title='bbox 1226 2341 1358 2416; x_wconf 87' lang='lat' dir='ltr'>interea</span> <span class='ocrx_word' id='word_1_136' title='bbox 1384 2341 1532 2413; x_wconf 80' lang='lat' dir='ltr'>Senatus</span> <span class='ocrx_word' id='word_1_137' title='bbox 1559 2339 1764 2416; x_wconf 76' lang='lat' dir='ltr'>Pontificiit</span> 
     </span>
     <span class='ocr_line' id='line_1_19' title="bbox 455 2433 1763 2535; baseline 0.002 -27"><span class='ocrx_word' id='word_1_138' title='bbox 455 2434 639 2531; x_wconf 80' lang='lat' dir='ltr'>edicebat,</span> <span class='ocrx_word' id='word_1_139' title='bbox 667 2437 691 2510; x_wconf 86' lang='lat' dir='ltr'>sr</span> <span class='ocrx_word' id='word_1_140' title='bbox 711 2439 914 2535; x_wconf 84' lang='lat' dir='ltr'>putrocinio</span> <span class='ocrx_word' id='word_1_141' title='bbox 934 2435 995 2508; x_wconf 88' lang='lat' dir='ltr'>suo</span> <span class='ocrx_word' id='word_1_142' title='bbox 1013 2435 1096 2507; x_wconf 83' lang='lat' dir='ltr'>salvi</span> <span class='ocrx_word' id='word_1_143' title='bbox 1114 2433 1182 2508; x_wconf 87' lang='lat' dir='ltr'>elle</span> <span class='ocrx_word' id='word_1_144' title='bbox 1199 2437 1335 2529; x_wconf 84' lang='lat' dir='ltr'>velint,</span> <span class='ocrx_word' id='word_1_145' title='bbox 1362 2457 1403 2509; x_wconf 92' lang='lat' dir='ltr'>ut</span> <span class='ocrx_word' id='word_1_146' title='bbox 1420 2437 1548 2508; x_wconf 87' lang='lat' dir='ltr'>borum</span> <span class='ocrx_word' id='word_1_147' title='bbox 1568 2440 1763 2511; x_wconf 86' lang='lat' dir='ltr'>conciona-</span> 
     </span>
     <span class='ocr_line' id='line_1_20' title="bbox 454 2530 1764 2629; baseline 0.002 -22"><span class='ocrx_word' id='word_1_148' title='bbox 454 2548 579 2608; x_wconf 85' lang='lat' dir='ltr'>torum</span> <span class='ocrx_word' id='word_1_149' title='bbox 607 2530 876 2628; x_wconf 58' lang='lat' dir='ltr'>dudtrintmlc)</span> <span class='ocrx_word' id='word_1_150' title='bbox 902 2550 946 2609; x_wconf 82' lang='lat' dir='ltr'>ert</span> <span class='ocrx_word' id='word_1_151' title='bbox 967 2533 1079 2628; x_wconf 63' lang='lat' dir='ltr'>vgbn</span> <span class='ocrx_word' id='word_1_152' title='bbox 1097 2534 1170 2606; x_wconf 87' lang='lat' dir='ltr'>Dei</span> <span class='ocrx_word' id='word_1_153' title='bbox 1188 2533 1430 2608; x_wconf 84' lang='lat' dir='ltr'>confutarent.</span> <span class='ocrx_word' id='word_1_154' title='bbox 1475 2533 1588 2629; x_wconf 82' lang='lat' dir='ltr'>Qrod</span> <span class='ocrx_word' id='word_1_155' title='bbox 1608 2550 1691 2609; x_wconf 84' lang='lat' dir='ltr'>tum</span> <span class='ocrx_word' id='word_1_156' title='bbox 1710 2535 1764 2609; x_wconf 90' lang='lat' dir='ltr'>illi</span> 
     </span>
     <span class='ocr_line' id='line_1_21' title="bbox 454 2630 1764 2731; baseline 0.004 -29"><span class='ocrx_word' id='word_1_157' title='bbox 454 2645 530 2703; x_wconf 81' lang='lat' dir='ltr'>non</span> <span class='ocrx_word' id='word_1_158' title='bbox 556 2630 716 2727; x_wconf 81' lang='lat' dir='ltr'>pollent,</span> <span class='ocrx_word' id='word_1_159' title='bbox 748 2634 903 2705; x_wconf 88' lang='lat' dir='ltr'>multum</span> <span class='ocrx_word' id='word_1_160' title='bbox 927 2633 1012 2704; x_wconf 93' lang='lat' dir='ltr'>licet</span> <span class='ocrx_word' id='word_1_161' title='bbox 1030 2630 1234 2704; x_wconf 87' lang='lat' dir='ltr'>confirmati</span> <span class='ocrx_word' id='word_1_162' title='bbox 1256 2631 1277 2702; x_wconf 72' lang='lat' dir='ltr'>a</span> <span class='ocrx_word' id='word_1_163' title='bbox 1296 2632 1545 2730; x_wconf 89' lang='lat' dir='ltr'>Moguntlno,</span> <span class='ocrx_word' id='word_1_164' title='bbox 1572 2636 1706 2731; x_wconf 89' lang='lat' dir='ltr'>templa</span> <span class='ocrx_word' id='word_1_165' title='bbox 1724 2635 1764 2708; x_wconf 87' lang='lat' dir='ltr'>S.</span> 
     </span>
     <span class='ocr_line' id='line_1_22' title="bbox 453 2720 1762 2824; baseline 0.004 -27"><span class='ocrx_word' id='word_1_166' title='bbox 453 2720 714 2800; x_wconf 80' lang='lat' dir='ltr'>Bartholomaei</span> <span class='ocrx_word' id='word_1_167' title='bbox 734 2728 809 2821; x_wconf 91' lang='lat' dir='ltr'>(d),</span> <span class='ocrx_word' id='word_1_168' title='bbox 831 2730 1009 2802; x_wconf 86' lang='lat' dir='ltr'>Leonardl</span> <span class='ocrx_word' id='word_1_169' title='bbox 1022 2729 1059 2803; x_wconf 81' lang='lat' dir='ltr'>bt</span> <span class='ocrx_word' id='word_1_170' title='bbox 1071 2727 1202 2801; x_wconf 82' lang='lat' dir='ltr'>Mariae</span> <span class='ocrx_word' id='word_1_171' title='bbox 1221 2728 1386 2820; x_wconf 86' lang='lat' dir='ltr'>Montis,</span> <span class='ocrx_word' id='word_1_172' title='bbox 1407 2729 1634 2824; x_wconf 81' lang='lat' dir='ltr'>Evangelicis</span> <span class='ocrx_word' id='word_1_173' title='bbox 1650 2729 1762 2802; x_wconf 75' lang='lat' dir='ltr'>celld-</span> 
     </span>
     <span class='ocr_line' id='line_1_23' title="bbox 455 2819 1765 2922; baseline 0.002 -27"><span class='ocrx_word' id='word_1_174' title='bbox 455 2840 506 2895; x_wconf 86' lang='lat' dir='ltr'>te.</span> <span class='ocrx_word' id='word_1_175' title='bbox 551 2825 777 2921; x_wconf 64' lang='lat' dir='ltr'>Atque-hac</span> <span class='ocrx_word' id='word_1_176' title='bbox 805 2827 922 2901; x_wconf 86' lang='lat' dir='ltr'>felicia</span> <span class='ocrx_word' id='word_1_177' title='bbox 947 2843 1047 2899; x_wconf 88' lang='lat' dir='ltr'>erant</span> <span class='ocrx_word' id='word_1_178' title='bbox 1074 2825 1294 2921; x_wconf 73' lang='lat' dir='ltr'>Evangelii,</span> <span class='ocrx_word' id='word_1_179' title='bbox 1336 2819 1583 2921; x_wconf 72' lang='lat' dir='ltr'>dodlrinaeque</span> <span class='ocrx_word' id='word_1_180' title='bbox 1609 2827 1765 2922; x_wconf 80' lang='lat' dir='ltr'>purioris</span> 
     </span>
     <span class='ocr_line' id='line_1_24' title="bbox 444 2920 1763 3021; baseline 0.005 -30"><span class='ocrx_word' id='word_1_181' title='bbox 444 2920 550 3016; x_wconf 68' lang='lat' dir='ltr'>apud</span> <span class='ocrx_word' id='word_1_182' title='bbox 568 2921 867 2998; x_wconf 81' lang='lat' dir='ltr'>Francolbrtanos</span> <span class='ocrx_word' id='word_1_183' title='bbox 884 2924 1061 3021; x_wconf 78' lang='lat' dir='ltr'>auspicia3</span> <span class='ocrx_word' id='word_1_184' title='bbox 1089 2924 1199 2996; x_wconf 86' lang='lat' dir='ltr'>Periit</span> <span class='ocrx_word' id='word_1_185' title='bbox 1216 2937 1335 2995; x_wconf 86' lang='lat' dir='ltr'>autern</span> <span class='ocrx_word' id='word_1_186' title='bbox 1354 2924 1425 2995; x_wconf 89' lang='lat' dir='ltr'>hoc</span> <span class='ocrx_word' id='word_1_187' title='bbox 1443 2921 1567 2995; x_wconf 91' lang='lat' dir='ltr'>eodem</span> <span class='ocrx_word' id='word_1_188' title='bbox 1586 2937 1680 3011; x_wconf 79' lang='lat' dir='ltr'>anno</span> <span class='ocrx_word' id='word_1_189' title='bbox 1698 2921 1763 2998; x_wconf 83' lang='lat' dir='ltr'>Sc·</span> 
     </span>
     <span class='ocr_line' id='line_1_25' title="bbox 452 3009 1763 3117; baseline 0.005 -27"><span class='ocrx_word' id='word_1_190' title='bbox 452 3034 555 3091; x_wconf 74' lang='lat' dir='ltr'>natur</span> <span class='ocrx_word' id='word_1_191' title='bbox 573 3020 624 3113; x_wconf 80' lang='lat' dir='ltr'>(e)</span> <span class='ocrx_word' id='word_1_192' title='bbox 650 3041 731 3093; x_wconf 87' lang='lat' dir='ltr'>cunr</span> <span class='ocrx_word' id='word_1_193' title='bbox 760 3025 835 3095; x_wconf 82' lang='lat' dir='ltr'>aliia</span> <span class='ocrx_word' id='word_1_194' title='bbox 861 3023 1094 3113; x_wconf 80' lang='lat' dir='ltr'>civitatibus,</span> <span class='ocrx_word' id='word_1_195' title='bbox 1155 3041 1211 3093; x_wconf 84' lang='lat' dir='ltr'>uae</span> <span class='ocrx_word' id='word_1_196' title='bbox 1240 3021 1355 3117; x_wconf 74' lang='lat' dir='ltr'>Spirae</span> <span class='ocrx_word' id='word_1_197' title='bbox 1384 3009 1602 3094; x_wconf 68' lang='lat' dir='ltr'>conventum</span> <span class='ocrx_word' id='word_1_198' title='bbox 1630 3019 1763 3096; x_wconf 81' lang='lat' dir='ltr'>habue-</span> 
     </span>
     <span class='ocr_line' id='line_1_26' title="bbox 455 3047 1765 3217; baseline 0.005 -30"><span class='ocrx_word' id='word_1_199' title='bbox 455 3134 563 3209; x_wconf 89' lang='lat' dir='ltr'>runt,</span> <span class='ocrx_word' id='word_1_200' title='bbox 597 3117 640 3192; x_wconf 75' lang='lat' dir='ltr'>ab</span> <span class='ocrx_word' id='word_1_201' title='bbox 669 3120 898 3215; x_wconf 82' lang='lat' dir='ltr'>Imperatoris</span> <span class='ocrx_word' id='word_1_202' title='bbox 926 3122 1045 3217; x_wconf 86' lang='lat' dir='ltr'>legato</span> <span class='ocrx_word' id='word_1_203' title='bbox 1072 3120 1109 3192; x_wconf 84' lang='lat' dir='ltr'>bt</span> <span class='ocrx_word' id='word_1_204' title='bbox 1130 3047 1244 3191; x_wconf 53' lang='lat' dir='ltr'>(dratre</span> <span class='ocrx_word' id='word_1_205' title='bbox 1271 3119 1518 3207; x_wconf 80' lang='lat' dir='ltr'>Ferdinando,</span> <span class='ocrx_word' id='word_1_206' title='bbox 1543 3133 1585 3192; x_wconf 81' lang='lat' dir='ltr'>trt</span> <span class='ocrx_word' id='word_1_207' title='bbox 1603 3117 1765 3193; x_wconf 82' lang='lat' dir='ltr'>Caesarea</span> 
     </span>
     <span class='ocr_line' id='line_1_27' title="bbox 453 3211 1764 3314; baseline 0.005 -30"><span class='ocrx_word' id='word_1_208' title='bbox 453 3211 668 3288; x_wconf 65' lang='lat' dir='ltr'>autoritate</span> <span class='ocrx_word' id='word_1_209' title='bbox 687 3218 731 3289; x_wconf 92' lang='lat' dir='ltr'>de</span> <span class='ocrx_word' id='word_1_210' title='bbox 749 3218 924 3314; x_wconf 86' lang='lat' dir='ltr'>religione</span> <span class='ocrx_word' id='word_1_211' title='bbox 943 3220 978 3292; x_wconf 76' lang='lat' dir='ltr'>bc</span> <span class='ocrx_word' id='word_1_212' title='bbox 998 3218 1201 3290; x_wconf 81' lang='lat' dir='ltr'>cerimoniis</span> <span class='ocrx_word' id='word_1_213' title='bbox 1220 3215 1451 3310; x_wconf 81' lang='lat' dir='ltr'>statueretur,</span> <span class='ocrx_word' id='word_1_214' title='bbox 1469 3218 1626 3289; x_wconf 77' lang='lat' dir='ltr'>oblatam</span> <span class='ocrx_word' id='word_1_215' title='bbox 1646 3237 1764 3291; x_wconf 87' lang='lat' dir='ltr'>tamen</span> 
     </span>
     <span class='ocr_line' id='line_1_28' title="bbox 454 3305 1763 3411; baseline 0.005 -31"><span class='ocrx_word' id='word_1_216' title='bbox 454 3305 677 3409; x_wconf 62' lang='lat' dir='ltr'>dPlrilippo</span> <span class='ocrx_word' id='word_1_217' title='bbox 706 3315 967 3410; x_wconf 86' lang='lat' dir='ltr'>Landgravio,</span> <span class='ocrx_word' id='word_1_218' title='bbox 1009 3318 1069 3411; x_wconf 90' lang='lat' dir='ltr'>qui</span> <span class='ocrx_word' id='word_1_219' title='bbox 1097 3317 1133 3385; x_wconf 85' lang='lat' dir='ltr'>in</span> <span class='ocrx_word' id='word_1_220' title='bbox 1159 3317 1318 3387; x_wconf 85' lang='lat' dir='ltr'>vicinum</span> <span class='ocrx_word' id='word_1_221' title='bbox 1346 3318 1427 3387; x_wconf 86' lang='lat' dir='ltr'>urbi</span> <span class='ocrx_word' id='word_1_222' title='bbox 1454 3314 1634 3386; x_wconf 85' lang='lat' dir='ltr'>castellum</span> <span class='ocrx_word' id='word_1_223' title='bbox 1661 3314 1763 3387; x_wconf 87' lang='lat' dir='ltr'>strum</span> 
     </span>
     <span class='ocr_line' id='line_1_29' title="bbox 455 3399 1763 3509; baseline 0.002 -33"><span class='ocrx_word' id='word_1_224' title='bbox 455 3399 756 3483; x_wconf 79' lang='lat' dir='ltr'>Ruffelahemium</span> <span class='ocrx_word' id='word_1_225' title='bbox 777 3411 959 3509; x_wconf 84' lang='lat' dir='ltr'>delegatos</span> <span class='ocrx_word' id='word_1_226' title='bbox 977 3410 996 3482; x_wconf 78' lang='grc' dir='ltr'><strong>ἐ</strong></span> <span class='ocrx_word' id='word_1_227' title='bbox 1017 3416 1148 3485; x_wconf 85' lang='lat' dir='ltr'>Senatu</span> <span class='ocrx_word' id='word_1_228' title='bbox 1165 3412 1210 3483; x_wconf 90' lang='lat' dir='ltr'>ad</span> <span class='ocrx_word' id='word_1_229' title='bbox 1227 3410 1261 3485; x_wconf 83' lang='lat' dir='ltr'>se</span> <span class='ocrx_word' id='word_1_230' title='bbox 1279 3429 1490 3499; x_wconf 80' lang='lat' dir='ltr'>vocaverat,</span> <span class='ocrx_word' id='word_1_231' title='bbox 1516 3409 1578 3479; x_wconf 90' lang='lat' dir='ltr'>suo</span> <span class='ocrx_word' id='word_1_232' title='bbox 1597 3410 1634 3480; x_wconf 81' lang='grc' dir='ltr'>δι</span> <span class='ocrx_word' id='word_1_233' title='bbox 1649 3409 1763 3479; x_wconf 85' lang='lat' dir='ltr'>Saxo-</span> 
     </span>
     <span class='ocr_line' id='line_1_30' title="bbox 454 3502 1765 3599; baseline 0.001 -25"><span class='ocrx_word' id='word_1_234' title='bbox 454 3505 525 3576; x_wconf 82' lang='lat' dir='ltr'>nite</span> <span class='ocrx_word' id='word_1_235' title='bbox 546 3506 721 3580; x_wconf 74' lang='lat' dir='ltr'>Elto‘lorir</span> <span class='ocrx_word' id='word_1_236' title='bbox 743 3512 887 3584; x_wconf 88' lang='lat' dir='ltr'>nomine</span> <span class='ocrx_word' id='word_1_237' title='bbox 907 3510 1125 3582; x_wconf 82' lang='lat' dir='ltr'>Societatem</span> <span class='ocrx_word' id='word_1_238' title='bbox 1145 3506 1289 3586; x_wconf 78' lang='lat' dir='ltr'>stederis</span> <span class='ocrx_word' id='word_1_239' title='bbox 1308 3525 1395 3581; x_wconf 88' lang='lat' dir='ltr'>tunc</span> <span class='ocrx_word' id='word_1_240' title='bbox 1415 3502 1639 3593; x_wconf 85' lang='lat' dir='ltr'>recusarunt,</span> <span class='ocrx_word' id='word_1_241' title='bbox 1665 3504 1765 3599; x_wconf 90' lang='lat' dir='ltr'>quod</span> 
     </span>
     <span class='ocr_line' id='line_1_31' title="bbox 455 3599 1763 3699; baseline 0.003 -28"><span class='ocrx_word' id='word_1_242' title='bbox 455 3599 549 3673; x_wconf 82' lang='lat' dir='ltr'>idem</span> <span class='ocrx_word' id='word_1_243' title='bbox 570 3605 614 3675; x_wconf 84' lang='lat' dir='ltr'>A.</span> <span class='ocrx_word' id='word_1_244' title='bbox 632 3619 734 3697; x_wconf 75' lang='lat'>1526.</span> <span class='ocrx_word' id='word_1_245' title='bbox 762 3608 797 3677; x_wconf 93' lang='lat' dir='ltr'>in</span> <span class='ocrx_word' id='word_1_246' title='bbox 818 3607 988 3680; x_wconf 80' lang='lat' dir='ltr'>Comitiia</span> <span class='ocrx_word' id='word_1_247' title='bbox 1008 3603 1231 3699; x_wconf 84' lang='lat' dir='ltr'>Spirenfibus</span> <span class='ocrx_word' id='word_1_248' title='bbox 1249 3605 1424 3676; x_wconf 87' lang='lat' dir='ltr'>lecerunt.</span> <span class='ocrx_word' id='word_1_249' title='bbox 1582 3610 1614 3685; x_wconf 87' lang='lat'>§.</span> <span class='ocrx_word' id='word_1_250' title='bbox 1634 3599 1763 3681; x_wconf 85' lang='lat' dir='ltr'><strong>LXV.</strong></span> 
     </span>
    </p>
   </div>
   <div class='ocr_carea' id='block_1_3' title="bbox 408 3708 1794 4387">
    <p class='ocr_par' dir='ltr' id='par_1_3' title="bbox 408 3708 1768 3959">
     <span class='ocr_line' id='line_1_32' title="bbox 408 3708 1764 3858; baseline 0.004 -84"><span class='ocrx_word' id='word_1_251' title='bbox 408 3712 412 3718; x_wconf 83' lang='lat'>&#39;</span> <span class='ocrx_word' id='word_1_252' title='bbox 495 3709 751 3858; x_wconf 54' lang='lat' dir='ltr'>parmen.</span> <span class='ocrx_word' id='word_1_253' title='bbox 763 3739 792 3802; x_wconf 86' lang='lat' dir='ltr'>p.</span> <span class='ocrx_word' id='word_1_254' title='bbox 803 3714 854 3801; x_wconf 85' lang='lat'>83.</span> <span class='ocrx_word' id='word_1_255' title='bbox 872 3710 1150 3798; x_wconf 78' lang='lat' dir='ltr'>SECKENDp.</span> <span class='ocrx_word' id='word_1_256' title='bbox 1162 3732 1233 3797; x_wconf 78' lang='lat'><strong>243.</strong></span> <span class='ocrx_word' id='word_1_257' title='bbox 1251 3708 1654 3796; x_wconf 78' lang='lat' dir='ltr'>HuncrerbGayllngium</span> <span class='ocrx_word' id='word_1_258' title='bbox 1665 3714 1764 3780; x_wconf 82' lang='lat' dir='ltr'>Fran·</span> 
     </span>
     <span class='ocr_line' id='line_1_33' title="bbox 455 3797 1768 3959; baseline 0.001 -98"><span class='ocrx_word' id='word_1_259' title='bbox 455 3814 497 3861; x_wconf 89' lang='lat' dir='ltr'>co</span> <span class='ocrx_word' id='word_1_260' title='bbox 513 3799 610 3959; x_wconf 58' lang='lat' dir='ltr'>pptalgi</span> <span class='ocrx_word' id='word_1_261' title='bbox 627 3797 827 3866; x_wconf 54' lang='lat' dir='ltr'>illudovico</span> <span class='ocrx_word' id='word_1_262' title='bbox 837 3803 965 3949; x_wconf 58' lang='lat' dir='ltr'>(glprnite</span> <span class='ocrx_word' id='word_1_263' title='bbox 975 3800 1116 3867; x_wconf 85' lang='lat' dir='ltr'>Palatino</span> <span class='ocrx_word' id='word_1_264' title='bbox 1133 3799 1184 3863; x_wconf 83' lang='lat' dir='ltr'>fibi</span> <span class='ocrx_word' id='word_1_265' title='bbox 1200 3798 1253 3864; x_wconf 90' lang='lat' dir='ltr'>sed</span> <span class='ocrx_word' id='word_1_266' title='bbox 1268 3797 1421 3864; x_wconf 86' lang='lat' dir='ltr'>incaffnm</span> <span class='ocrx_word' id='word_1_267' title='bbox 1437 3806 1534 3882; x_wconf 81' lang='lat' dir='ltr'>nuper</span> <span class='ocrx_word' id='word_1_268' title='bbox 1543 3800 1768 3885; x_wconf 77' lang='lat' dir='ltr'>expetiverant.</span> 
     </span>
    </p>

    <p class='ocr_par' dir='ltr' id='par_1_4' title="bbox 495 3885 896 3961">
     <span class='ocr_line' id='line_1_34' title="bbox 495 3885 896 3961; baseline 0.012 -19"><span class='ocrx_word' id='word_1_269' title='bbox 495 3885 510 3961; x_wconf 90' lang='lat'>(</span> <span class='ocrx_word' id='word_1_270' title='bbox 607 3885 772 3950; x_wconf 86' lang='lat' dir='ltr'>irter.}.c.</span> <span class='ocrx_word' id='word_1_271' title='bbox 820 3937 825 3949; x_wconf 94' lang='lat'>.</span> <span class='ocrx_word' id='word_1_272' title='bbox 889 3934 896 3947; x_wconf 93' lang='lat'><strong><em>.</em></strong></span> 
     </span>
    </p>

    <p class='ocr_par' dir='ltr' id='par_1_5' title="bbox 494 3965 965 4054">
     <span class='ocr_line' id='line_1_35' title="bbox 494 3965 965 4054; baseline 0.008 -27"><span class='ocrx_word' id='word_1_273' title='bbox 494 3966 548 4045; x_wconf 88' lang='lat' dir='ltr'>(c)</span> <span class='ocrx_word' id='word_1_274' title='bbox 574 3965 771 4033; x_wconf 84' lang='lat' dir='ltr'>SCULTE</span> <span class='ocrx_word' id='word_1_275' title='bbox 815 3993 874 4054; x_wconf 88' lang='lat' dir='ltr'>.p.</span> <span class='ocrx_word' id='word_1_276' title='bbox 895 3987 965 4051; x_wconf 83' lang='lat'>301.</span> 
     </span>
    </p>

    <p class='ocr_par' dir='ltr' id='par_1_6' title="bbox 453 4046 1794 4301">
     <span class='ocr_line' id='line_1_36' title="bbox 495 4046 1794 4133; baseline 0 -22"><span class='ocrx_word' id='word_1_277' title='bbox 495 4050 549 4129; x_wconf 92' lang='lat' dir='ltr'>(d)</span> <span class='ocrx_word' id='word_1_278' title='bbox 575 4046 692 4114; x_wconf 80' lang='lat' dir='ltr'>Notati</span> <span class='ocrx_word' id='word_1_279' title='bbox 716 4069 820 4117; x_wconf 87' lang='lat' dir='ltr'>tamen</span> <span class='ocrx_word' id='word_1_280' title='bbox 846 4056 897 4117; x_wconf 85' lang='lat' dir='ltr'>hic</span> <span class='ocrx_word' id='word_1_281' title='bbox 919 4056 1074 4130; x_wconf 84' lang='lat' dir='ltr'>meretur,</span> <span class='ocrx_word' id='word_1_282' title='bbox 1098 4049 1189 4133; x_wconf 89' lang='lat' dir='ltr'>quod</span> <span class='ocrx_word' id='word_1_283' title='bbox 1204 4050 1308 4133; x_wconf 82' lang='lat' dir='ltr'>pollet</span> <span class='ocrx_word' id='word_1_284' title='bbox 1323 4051 1353 4116; x_wconf 92' lang='lat' dir='ltr'>in</span> <span class='ocrx_word' id='word_1_285' title='bbox 1371 4047 1518 4117; x_wconf 82' lang='lat' dir='ltr'>Ecclesris</span> <span class='ocrx_word' id='word_1_286' title='bbox 1536 4049 1709 4133; x_wconf 80' lang='lat' dir='ltr'>collegiatis</span> <span class='ocrx_word' id='word_1_287' title='bbox 1727 4046 1767 4112; x_wconf 80' lang='lat' dir='ltr'>S.</span> <span class='ocrx_word' id='word_1_288' title='bbox 1790 4067 1794 4072; x_wconf 91' lang='lat'>·</span> 
     </span>
     <span class='ocr_line' id='line_1_37' title="bbox 453 4125 1769 4220; baseline 0.003 -27"><span class='ocrx_word' id='word_1_289' title='bbox 453 4125 677 4205; x_wconf 63' lang='lat' dir='ltr'>Bartholotrti</span> <span class='ocrx_word' id='word_1_290' title='bbox 693 4134 723 4199; x_wconf 83' lang='lat' dir='ltr'>bt</span> <span class='ocrx_word' id='word_1_291' title='bbox 741 4136 778 4200; x_wconf 86' lang='lat' dir='ltr'>B.</span> <span class='ocrx_word' id='word_1_292' title='bbox 796 4137 930 4215; x_wconf 81' lang='lat' dir='ltr'>Virginis</span> <span class='ocrx_word' id='word_1_293' title='bbox 948 4137 1099 4200; x_wconf 59' lang='lat' dir='ltr'>restitutur¹</span> <span class='ocrx_word' id='word_1_294' title='bbox 1117 4135 1209 4198; x_wconf 86' lang='lat' dir='ltr'>fuerit</span> <span class='ocrx_word' id='word_1_295' title='bbox 1226 4140 1330 4202; x_wconf 86' lang='lat' dir='ltr'>cultus</span> <span class='ocrx_word' id='word_1_296' title='bbox 1347 4133 1535 4220; x_wconf 73' lang='lat' dir='ltr'>Romnum,</span> <span class='ocrx_word' id='word_1_297' title='bbox 1552 4135 1608 4220; x_wconf 79' lang='lat' dir='ltr'>qui</span> <span class='ocrx_word' id='word_1_298' title='bbox 1625 4135 1656 4201; x_wconf 86' lang='lat' dir='ltr'>dt</span> <span class='ocrx_word' id='word_1_299' title='bbox 1672 4134 1769 4199; x_wconf 75' lang='lat' dir='ltr'>hodie</span> 
     </span>
     <span class='ocr_line' id='line_1_38' title="bbox 454 4210 1244 4301; baseline 0.005 -25"><span class='ocrx_word' id='word_1_300' title='bbox 454 4214 487 4277; x_wconf 86' lang='lat' dir='ltr'>iu</span> <span class='ocrx_word' id='word_1_301' title='bbox 503 4215 536 4277; x_wconf 79' lang='lat' dir='ltr'>iis</span> <span class='ocrx_word' id='word_1_302' title='bbox 554 4210 712 4293; x_wconf 79' lang='lat' dir='ltr'>serratur,&#39;</span> <span class='ocrx_word' id='word_1_303' title='bbox 734 4239 765 4281; x_wconf 84' lang='lat' dir='ltr'>v.</span> <span class='ocrx_word' id='word_1_304' title='bbox 785 4216 1023 4285; x_wconf 83' lang='lat' dir='ltr'><strong>SECKEND.</strong></span> <span class='ocrx_word' id='word_1_305' title='bbox 1041 4221 1062 4286; x_wconf 84' lang='lat' dir='ltr'>l.</span> <span class='ocrx_word' id='word_1_306' title='bbox 1079 4240 1108 4282; x_wconf 91' lang='lat' dir='ltr'>c.</span> <span class='ocrx_word' id='word_1_307' title='bbox 1127 4238 1156 4298; x_wconf 89' lang='lat' dir='ltr'>p.</span> <span class='ocrx_word' id='word_1_308' title='bbox 1169 4231 1244 4301; x_wconf 46' lang='lat'>244,</span> 
     </span>
    </p>

    <p class='ocr_par' dir='ltr' id='par_1_7' title="bbox 450 4298 1173 4387">
     <span class='ocr_line' id='line_1_39' title="bbox 450 4298 1173 4387; baseline 0.001 -26"><span class='ocrx_word' id='word_1_309' title='bbox 450 4320 453 4327; x_wconf 67' lang='grc'><em>’</em></span> <span class='ocrx_word' id='word_1_310' title='bbox 497 4298 547 4382; x_wconf 83' lang='lat' dir='ltr'>(e)</span> <span class='ocrx_word' id='word_1_311' title='bbox 571 4299 909 4380; x_wconf 76' lang='lat' dir='ltr'><strong>SECKENDORF.</strong></span> <span class='ocrx_word' id='word_1_312' title='bbox 926 4319 1038 4387; x_wconf 81' lang='lat' dir='ltr'>p.243.</span> <span class='ocrx_word' id='word_1_313' title='bbox 1058 4303 1103 4366; x_wconf 90' lang='lat' dir='ltr'>lit.</span> <span class='ocrx_word' id='word_1_314' title='bbox 1124 4302 1173 4383; x_wconf 84' lang='lat' dir='ltr'>(e)</span> 
     </span>
    </p>
   </div>
   <div class='ocr_carea' id='block_1_4' title="bbox 0 0 2226 5150">
    <p class='ocr_par' dir='ltr' id='par_1_8' title="bbox 0 0 2226 5150">
     <span class='ocr_line' id='line_1_40' title="bbox 0 0 2226 5150; baseline 0 1"><span class='ocrx_word' id='word_1_315' title='bbox 0 0 2226 5150; x_wconf 95' lang='lat' dir='ltr'> </span> 
     </span>
    </p>
   </div>
  </div>
 </body>
</html>
