4442 5150
490 629 557 720 a98
678 622 1062 705 HISTORIA
1104 621 1548 739 Evntsouuu
1624 628 1790 729 Anni.

487 763 625 836 uiarum
651 760 811 858 regulas,
839 783 880 832 ac
903 758 991 830 citra
1009 753 1237 828 conscientiae
1254 757 1368 829 nodos
1383 756 1562 833 adornell'e
1580 760 1631 854 (a)
1650 762 1688 838 dt
1706 763 1790 850 lite·

485 861 532 931 ris
560 855 777 954 confignalse
803 858 935 926 dicitur
960 851 1238 948 Bugenhagius,
1271 877 1317 928 ne
1333 851 1455 929 denuit
1472 858 1611 930 illarum
1628 859 1737 934 abusu
1752 863 1791 936 iu

485 974 640 1034 veterem
659 952 943 1048 superstitionem
961 951 1190 1046 degeneraret
1208 951 1414 1044 imprudens
1430 955 1600 1050 populus.
1640 956 1792 1054 Scripfit
1856 974 1860 980 ’

485 1073 605 1122 eutem
625 1052 682 1122 has
699 1048 850 1120 dialesio
868 1047 926 1119 sua
944 1045 1131 1118 vernacula
1146 1047 1312 1119 Saxoniae
1331 1047 1529 1142 inferioris,
1548 1075 1632 1125 cum
1650 1056 1792 1164 populo

485 1147 571 1220 huic
595 1147 628 1219 se
654 1164 926 1242 attemperaret,
951 1143 1006 1214 uti
1024 1140 1218 1214 versionem
1238 1144 1392 1216 Luthe'ri
1409 1149 1633 1222 vernaculam
1652 1174 1690 1222 tn
1707 1175 1791 1224 ean·

485 1245 564 1316 dem
590 1241 780 1316 transfudit
797 1238 1006 1313 dialesium:
1035 1237 1205 1311 Praefecit
1224 1258 1302 1312 tum
1322 1239 1468 1337 fingulis
1486 1267 1630 1340 quoque
1647 1249 1792 1345 templis

486 1341 531 1412 de
548 1339 700 1412 consilio
720 1337 944 1449 Bugenhagii
964 1333 1300 1418 SenatueDoslores
1318 1338 1504 1433 publicos,
1521 1339 1657 1415 summa
1670 1367 1791 1418 rerum

485 1460 571 1510 eura
597 1437 654 1509 M.
676 1437 840 1508 Martrno
865 1435 1027 1507 Gerrlitr'e
1051 1431 1321 1524 commendata,
1350 1435 1409 1506 cui
1428 1437 1594 1531 A·1544
1618 1437 1791 1514 desunslo

485 1535 611 1606 ordine
635 1531 871 1606 successerunt
896 1534 1058 1604 Nicotaus
1084 1531 1278 1621 Medleres,
1312 1530 1362 1603 D.
1381 1533 1580 1625 Joacurms
1595 1538 1790 1631 Metius,

483 1631 536 1704 D.
553 1633 730 1704 Martinus
750 1630 969 1700 Chemnitt'tes.
1486 1672 1494 1678 -

531 1726 741 1799 BREMAE
765 1748 909 1821 quoque
933 1724 1003 1794 hoc
1019 1745 1110 1795 anno
1125 1718 1229 1817 152'8.
1255 1721 1475 1821 Evangelica
1490 1725 1653 1802 doslrina
1669 1733 1790 1829 perin-

485 1820 584 1919 ligne
602 1844 678 1894 tum
697 1840 968 1910 ornamentum,
986 1839 1061 1889 tum
1081 1822 1339 1892 incrementum
1359 1825 1512 1919 accepit.
1547 1828 1683 1900 Praeter
1709 1854 1791 1903 uam·

482 1922 578 1991 enim
604 1918 701 2013 quod
725 1916 893 1988 coenobia
911 1915 1114 1988 Catharinae
1133 1917 1170 1987 &
1188 1915 1359 2007 Johannis
1378 1938 1455 1990 tum
1473 1918 1608 1993 fuerint
1625 1853 1789 2019 occlusa,

483 2015 750 2109 Monaelrisque
769 2013 996 2100 mandatum,
1021 2033 1061 2083 ut
1081 2009 1102 2082 i
1119 2014 1324 2084 cerimoniis
1343 2014 1543 2088 Pontifieiit
1553 2016 1790 2117 abstinerent,

482 2110 639 2182 clausurn
659 2132 802 2207 quoque
819 2106 888 2180 fuit
900 2108 1274 2205 Wilhadiremplutn3
1297 2109 1788 2208 Sedetnmpliffimussmr-

483 2227 541 2280 tus
559 2207 733 2298 scholam,
759 2207 979 2278 seminarium
1001 2207 1166 2301 pietatis,
1187 2207 1399 2303 politiorum
1418 2211 1790 2290 literarum&artium

288 2308 296 2327 “
346 2364 354 2389 ,
481 2305 554 2376 lroc
579 2330 671 2375 anno
697 2305 858 2399 aperuit,
891 2305 1028 2376 vocatis
1054 2305 1096 2374 ad
1124 2305 1220 2375 hunc
1246 2304 1370 2376 ludum
1393 2307 1552 2398 Johemte
1568 2311 1791 2411 Oldenbargio

480 2402 698 2498 optimarum
726 2403 854 2474 artium
882 2399 1082 2498 Magistro,
1115 2397 1275 2474 Rettore
1298 2400 1354 2496 (b)
1381 2406 1527 2478 Nicesee
1550 2409 1791 2508 Buftrdeeease

480 2499 607 2571 itidem
634 2498 875 2595 Philosophiae
901 2497 1108 2598 Magistro,
1146 2497 1300 2596 quodam
1329 2502 1453 2593 lbere,
1487 2503 1594 2578 Perre
1621 2507 1788 2602 Contere,

444 2591 455 2612 '
481 2598 638 2692 Johenne
665 2601 819 2674 Sibkeloe
843 2600 880 2673 &
906 2601 1053 2672 [ruberto
1072 2599 1223 2688 Meiere,
1248 2597 1467 2670 auditorium
1485 2623 1597 2675 unum
1614 2603 1788 2677 alterum·

436 2753 441 2763 .
481 2697 608 2793 quein
626 2696 798 2770 coenobio
818 2698 901 2788 suo,
927 2696 989 2769 ubi
1008 2695 1115 2768 hodie
1132 2694 1283 2767 secunda
1300 2695 1337 2767 &
1352 2697 1457 2767 tertia
1475 2697 1594 2772 classes
1611 2698 1714 2794 sunt,
1731 2702 1790 2775 ul·

481 2789 543 2865 tro
568 2795 808 2892 aperientibus
826 2795 1009 2868 monachis
1028 2793 1277 2865 Dominicanis
1296 2812 1495 2865 conventus
1514 2797 1552 2868 S.
1569 2798 1793 2873 catharinae.

479 2892 687 2986 Magnifice
706 2893 801 2963 urbis
813 2893 967 2979 Senatu,
985 2914 1068 2962 eum
1087 2912 1133 2959 ex
1147 2888 1452 2983 aerariopublico,
1471 2909 1604 2962 tumex
1616 2894 1791 2966 reditibus
1904 2925 1910 2937 ·

482 2987 715 3057 Xenodochii
742 2988 780 3057 S.
799 2987 992 3056 Gertrudis
1017 2982 1162 3074 (deserti
1178 2984 1252 3074 jam
1272 2983 1292 3052 ai
1311 2982 1511 3054 Pontificiis
1530 2989 1790 3079 peregrinanti·

480 3080 567 3163 bus)
594 3078 727 3151 sumtus
755 3079 961 3151 necessarios
985 3077 1255 3171 suppeditante,
1288 3075 1409 3169 rusios
1434 3097 1552 3151 tamen
1569 3103 1641 3151 non
1660 3106 1788 3179 parurn

482 3174 643 3271 Collegii
679 3175 897 3264 Seniorurn,
940 3176 1162 3265 aliorumque
1196 3172 1372 3245 bonorum
1400 3198 1515 3245 annua
1539 3177 1790 3255 beneficentia,

477 3270 627 3363 Quibus
658 3270 825 3345 omnibus
850 3272 1009 3345 Curator
1035 3273 1072 3344 dt
1100 3269 1320 3367 Scholatclia
1344 3270 1534 3366 praefersslus
1559 3272 1611 3346 est
1636 3278 1791 3352 nudem

479 3375 592 3463 Hals,
626 3370 717 3442 civis
742 3372 930 3465 primarius
945 3370 994 3444 ⁴&
1021 3367 1183 3463 locuples
1208 3370 1245 3440 in
1263 3370 1422 3441 ordinem
1443 3370 1668 3444 Senatorium
1688 3375 1789 3447 dein·

480 3495 564 3567 ceps
590 3467 756 3559 alledius,
794 3469 861 3541 Vir
889 3468 1037 3564 integris
1063 3467 1160 3538 annis
1185 3468 1389 3563 quindecim
1417 3466 1461 3539 de
1478 3469 1646 3563 primitiis
1664 3473 1791 3548 Schola

480 3570 662 3657 Bremenfir
682 3566 855 3661 praeclare
872 3568 1032 3639 meritus.
1576 3602 1578 3619 =

528 3665 831 3739 HAMBURGl
851 3665 1035 3763 quomodo
1055 3660 1222 3736 hasiensis
1241 3663 1332 3734 inter
1349 3662 1465 3734 varios
1483 3684 1565 3735 cum
1584 3662 1791 3742 Pontifitiis

480 3759 693 3854 couflidtus,
731 3764 968 3862 Evangelium
996 3782 1116 3846 tamen
1143 3761 1250 3834 suerit
1279 3780 1511 3857 promotum,
1536 3761 1706 3839 brevibus
1722 3790 1788 3932 ube-

1763 3884 1791 3934 rs

520 4006 571 4089 (a)
596 4006 671 4070 Vid.
703 4004 930 4075 Mostttu.
970 4005 1053 4076 niis.
1084 3993 1124 4073 'iu
1161 4007 1325 4090 Jublleum
1353 4004 1499 4073 Reform.
1531 4003 1788 4092 brunsvicensis,

503 4109 572 4169 dl,
593 4107 642 4167 12,
664 4110 676 4153 1
704 4138 711 4153 .

478 4111 572 4323 ggii)
598 4175 673 4240 Vid.
683 4107 794 4241 3Geel.
809 4172 984 4258 MEJERI
1002 4176 1168 4262 Theologi
1182 4174 1358 4245 mentulis
1376 4172 1489 4244 Oratio
1505 4175 1545 4241 ele
1560 4171 1687 4240 tenore
1703 4188 1788 4242 nata·

513 4278 565 4343 rs,
588 4276 680 4344 p.r9.
