<?xml version="1.0" encoding="UTF-8"?>
<!DOCTYPE html PUBLIC "-//W3C//DTD XHTML 1.0 Transitional//EN"
    "http://www.w3.org/TR/xhtml1/DTD/xhtml1-transitional.dtd">
<html xmlns="http://www.w3.org/1999/xhtml" xml:lang="en" lang="en">
 <head>
  <title>
</title>
<meta http-equiv="Content-Type" content="text/html;charset=utf-8" />
  <meta name='ocr-system' content='tesseract 3.04.00' />
  <meta name='ocr-capabilities' content='ocr_page ocr_carea ocr_par ocr_line ocrx_word'/>
</head>
<body>
  <div class='ocr_page' id='page_1' title='image "./introductioinhi01gerdgoog_0017.png"; bbox 0 0 4442 5150; ppageno 0'>
   <div class='ocr_carea' id='block_1_1' title="bbox 689 633 1530 745">
    <p class='ocr_par' dir='ltr' id='par_1_1' title="bbox 689 633 1530 745">
     <span class='ocr_line' id='line_1_1' title="bbox 689 633 1530 745; baseline -0.005 0"><span class='ocrx_word' id='word_1_1' title='bbox 689 633 1530 745; x_wconf 81' lang='lat' dir='ltr'><em>PRAEFATIO.</em></span> 
     </span>
    </p>
   </div>
   <div class='ocr_carea' id='block_1_2' title="bbox 447 812 1771 2326">
    <p class='ocr_par' dir='ltr' id='par_1_2' title="bbox 447 812 1771 2195">
     <span class='ocr_line' id='line_1_2' title="bbox 447 812 1771 959; baseline 0 -40"><span class='ocrx_word' id='word_1_2' title='bbox 447 818 628 959; x_wconf 81' lang='lat' dir='ltr'>placita</span> <span class='ocrx_word' id='word_1_3' title='bbox 664 812 728 920; x_wconf 60' lang='grc' dir='ltr'>ἴθ’</span> <span class='ocrx_word' id='word_1_4' title='bbox 762 812 1006 914; x_wconf 67' lang='lat' dir='ltr'>doc‘lrr&#39;ram</span> <span class='ocrx_word' id='word_1_5' title='bbox 1042 813 1299 943; x_wconf 78' lang='lat' dir='ltr'><em>transferret</em></span> <span class='ocrx_word' id='word_1_6' title='bbox 1312 812 1528 951; x_wconf 85' lang='lat' dir='ltr'>populum</span> <span class='ocrx_word' id='word_1_7' title='bbox 1538 818 1635 938; x_wconf 80' lang='lat' dir='ltr'>suae</span> <span class='ocrx_word' id='word_1_8' title='bbox 1656 816 1771 919; x_wconf 64' lang='lat' dir='ltr'>cure</span> 
     </span>
     <span class='ocr_line' id='line_1_3' title="bbox 448 949 1770 1099; baseline 0.003 -45"><span class='ocrx_word' id='word_1_9' title='bbox 448 953 669 1099; x_wconf 77' lang='lat' dir='ltr'>pastorali</span> <span class='ocrx_word' id='word_1_10' title='bbox 697 952 1032 1073; x_wconf 80' lang='lat' dir='ltr'>demandatum,</span> <span class='ocrx_word' id='word_1_11' title='bbox 1083 949 1196 1050; x_wconf 90' lang='lat' dir='ltr'>dum</span> <span class='ocrx_word' id='word_1_12' title='bbox 1221 957 1401 1050; x_wconf 81' lang='lat' dir='ltr'>interea</span> <span class='ocrx_word' id='word_1_13' title='bbox 1424 951 1601 1050; x_wconf 84' lang='lat' dir='ltr'>Literas</span> <span class='ocrx_word' id='word_1_14' title='bbox 1623 963 1770 1058; x_wconf 88' lang='lat' dir='ltr'>etiam</span> 
     </span>
     <span class='ocr_line' id='line_1_4' title="bbox 448 1088 1768 1234; baseline 0 -44"><span class='ocrx_word' id='word_1_15' title='bbox 448 1093 606 1234; x_wconf 86' lang='lat' dir='ltr'>plures</span> <span class='ocrx_word' id='word_1_16' title='bbox 629 1090 726 1190; x_wconf 84' lang='lat' dir='ltr'>unis</span> <span class='ocrx_word' id='word_1_17' title='bbox 748 1089 815 1187; x_wconf 87' lang='lat' dir='ltr'>ad</span> <span class='ocrx_word' id='word_1_18' title='bbox 829 1088 1092 1227; x_wconf 83' lang='lat' dir='ltr'><em>Episcopum</em></span> <span class='ocrx_word' id='word_1_19' title='bbox 1115 1088 1467 1219; x_wconf 75' lang='lat' dir='ltr'>Constantienfi’m</span> <span class='ocrx_word' id='word_1_20' title='bbox 1490 1088 1551 1192; x_wconf 51' lang='grc' dir='ltr'>θ’</span> <span class='ocrx_word' id='word_1_21' title='bbox 1573 1089 1639 1188; x_wconf 80' lang='lat' dir='ltr'>ad</span> <span class='ocrx_word' id='word_1_22' title='bbox 1655 1095 1768 1190; x_wconf 86' lang='lat' dir='ltr'><em>Car-</em></span> 
     </span>
     <span class='ocr_line' id='line_1_5' title="bbox 459 1223 1768 1365; baseline -0.002 -33"><span class='ocrx_word' id='word_1_23' title='bbox 459 1230 652 1332; x_wconf 70' lang='lat' dir='ltr'>rinalem</span> <span class='ocrx_word' id='word_1_24' title='bbox 685 1226 969 1349; x_wconf 77' lang='lat' dir='ltr'>Sedunenfi’m</span> <span class='ocrx_word' id='word_1_25' title='bbox 1004 1223 1252 1348; x_wconf 85' lang='lat' dir='ltr'>exarabat,</span> <span class='ocrx_word' id='word_1_26' title='bbox 1294 1223 1459 1365; x_wconf 89' lang='lat' dir='ltr'>quibus</span> <span class='ocrx_word' id='word_1_27' title='bbox 1485 1224 1573 1324; x_wconf 92' lang='lat' dir='ltr'>hos</span> <span class='ocrx_word' id='word_1_28' title='bbox 1601 1227 1768 1329; x_wconf 81' lang='lat' dir='ltr'>Praesu-</span> 
     </span>
     <span class='ocr_line' id='line_1_6' title="bbox 461 1360 1768 1503; baseline -0.002 -36"><span class='ocrx_word' id='word_1_29' title='bbox 461 1368 559 1489; x_wconf 88' lang='lat' dir='ltr'>les,</span> <span class='ocrx_word' id='word_1_30' title='bbox 597 1396 820 1503; x_wconf 85' lang='lat' dir='ltr'>utrosque</span> <span class='ocrx_word' id='word_1_31' title='bbox 848 1362 930 1462; x_wconf 82' lang='lat' dir='ltr'>filii</span> <span class='ocrx_word' id='word_1_32' title='bbox 956 1360 1196 1488; x_wconf 80' lang='lat' dir='ltr'>faventes,</span> <span class='ocrx_word' id='word_1_33' title='bbox 1247 1401 1337 1463; x_wconf 86' lang='lat' dir='ltr'>nec</span> <span class='ocrx_word' id='word_1_34' title='bbox 1365 1364 1768 1467; x_wconf 85' lang='lat' dir='ltr'>admonitionibus</span> 
     </span>
     <span class='ocr_line' id='line_1_7' title="bbox 465 1498 1770 1644; baseline -0.005 -36"><span class='ocrx_word' id='word_1_35' title='bbox 465 1503 676 1644; x_wconf 89' lang='lat' dir='ltr'>asperos,</span> <span class='ocrx_word' id='word_1_36' title='bbox 724 1519 777 1601; x_wconf 82' lang='lat' dir='ltr'>itt</span> <span class='ocrx_word' id='word_1_37' title='bbox 815 1498 1070 1601; x_wconf 75' lang='lat' dir='ltr'>Ecclesiam</span> <span class='ocrx_word' id='word_1_38' title='bbox 1106 1498 1184 1601; x_wconf 87' lang='lat' dir='ltr'>sua</span> <span class='ocrx_word' id='word_1_39' title='bbox 1221 1510 1498 1602; x_wconf 74' lang='lat' dir='ltr'>auctoritate</span> <span class='ocrx_word' id='word_1_40' title='bbox 1532 1502 1770 1635; x_wconf 81' lang='lat' dir='ltr'>Reforma-</span> 
     </span>
     <span class='ocr_line' id='line_1_8' title="bbox 459 1636 1765 1768; baseline -0.002 -25"><span class='ocrx_word' id='word_1_41' title='bbox 459 1669 589 1763; x_wconf 80' lang='lat' dir='ltr'><em>rent,</em></span> <span class='ocrx_word' id='word_1_42' title='bbox 638 1647 772 1739; x_wconf 90' lang='lat' dir='ltr'>omni</span> <span class='ocrx_word' id='word_1_43' title='bbox 811 1675 841 1737; x_wconf 93' lang='grc' dir='ltr'>ο</span> <span class='ocrx_word' id='word_1_44' title='bbox 878 1674 958 1737; x_wconf 87' lang='lat' dir='ltr'>era</span> <span class='ocrx_word' id='word_1_45' title='bbox 995 1636 1271 1737; x_wconf 70' lang='lat' dir='ltr'>hortabatur</span> <span class='ocrx_word' id='word_1_46' title='bbox 1311 1654 1401 1738; x_wconf 73' lang='grc' dir='ltr'>διε.</span> <span class='ocrx_word' id='word_1_47' title='bbox 1462 1643 1596 1738; x_wconf 89' lang='lat' dir='ltr'>Tum</span> <span class='ocrx_word' id='word_1_48' title='bbox 1623 1638 1765 1768; x_wconf 62' lang='lat' dir='ltr'>sanc,</span> 
     </span>
     <span class='ocr_line' id='line_1_9' title="bbox 460 1673 1768 1915; baseline 0.003 -38"><span class='ocrx_word' id='word_1_49' title='bbox 460 1817 563 1878; x_wconf 92' lang='lat' dir='ltr'>non</span> <span class='ocrx_word' id='word_1_50' title='bbox 588 1777 637 1876; x_wconf 90' lang='lat' dir='ltr'>id</span> <span class='ocrx_word' id='word_1_51' title='bbox 655 1774 808 1877; x_wconf 78' lang='lat' dir='ltr'>loltlm</span> <span class='ocrx_word' id='word_1_52' title='bbox 831 1673 1029 1874; x_wconf 79' lang='lat' dir='ltr'>‹iicimus</span> <span class='ocrx_word' id='word_1_53' title='bbox 1040 1852 1056 1898; x_wconf 91' lang='lat'><em>‚</em></span> <span class='ocrx_word' id='word_1_54' title='bbox 1084 1777 1213 1915; x_wconf 91' lang='lat' dir='ltr'>quod</span> <span class='ocrx_word' id='word_1_55' title='bbox 1226 1814 1274 1877; x_wconf 86' lang='lat' dir='ltr'>re</span> <span class='ocrx_word' id='word_1_56' title='bbox 1288 1776 1388 1914; x_wconf 85' lang='lat' dir='ltr'>ipsa</span> <span class='ocrx_word' id='word_1_57' title='bbox 1401 1776 1768 1915; x_wconf 87' lang='lat' dir='ltr'>comprobatum</span> 
     </span>
     <span class='ocr_line' id='line_1_10' title="bbox 461 1913 1765 2056; baseline 0.002 -40"><span class='ocrx_word' id='word_1_58' title='bbox 461 1916 554 2038; x_wconf 85' lang='lat' dir='ltr'>est,</span> <span class='ocrx_word' id='word_1_59' title='bbox 582 1946 719 2056; x_wconf 87' lang='lat' dir='ltr'>atque</span> <span class='ocrx_word' id='word_1_60' title='bbox 735 1913 1021 2052; x_wconf 75' lang='lat' dir='ltr'>tiZwinglio</span> <span class='ocrx_word' id='word_1_61' title='bbox 1046 1913 1222 2014; x_wconf 87' lang='lat' dir='ltr'>disertis</span> <span class='ocrx_word' id='word_1_62' title='bbox 1245 1913 1394 2014; x_wconf 86' lang='lat' dir='ltr'>verbis</span> <span class='ocrx_word' id='word_1_63' title='bbox 1415 1913 1453 2051; x_wconf 82' lang='lat' dir='ltr'>a)</span> <span class='ocrx_word' id='word_1_64' title='bbox 1483 1913 1765 2054; x_wconf 82' lang='lat' dir='ltr'>profellum,</span> 
     </span>
     <span class='ocr_line' id='line_1_11' title="bbox 458 2049 1765 2195; baseline 0.003 -41"><span class='ocrx_word' id='word_1_65' title='bbox 458 2051 538 2155; x_wconf 76' lang='lat' dir='ltr'>sed</span> <span class='ocrx_word' id='word_1_66' title='bbox 577 2067 649 2182; x_wconf 89' lang='lat'>&amp;,</span> <span class='ocrx_word' id='word_1_67' title='bbox 699 2086 844 2195; x_wconf 81' lang='lat' dir='ltr'>quam</span> <span class='ocrx_word' id='word_1_68' title='bbox 879 2058 918 2153; x_wconf 90' lang='lat' dir='ltr'>is</span> <span class='ocrx_word' id='word_1_69' title='bbox 956 2061 1065 2150; x_wconf 63' lang='lat' dir='ltr'>vere*</span> <span class='ocrx_word' id='word_1_70' title='bbox 1104 2049 1491 2156; x_wconf 84' lang='lat' dir='ltr'>Reformationis&#39;</span> <span class='ocrx_word' id='word_1_71' title='bbox 1516 2066 1765 2194; x_wconf 84' lang='lat' dir='ltr'>negotium</span> 
     </span>
    </p>

    <p class='ocr_par' dir='ltr' id='par_1_3' title="bbox 1018 2188 1767 2326">
     <span class='ocr_line' id='line_1_12' title="bbox 1018 2188 1767 2326; baseline 0.001 -75"><span class='ocrx_word' id='word_1_72' title='bbox 1018 2188 1207 2252; x_wconf 69' lang='lat' dir='ltr'>*rs*</span> <span class='ocrx_word' id='word_1_73' title='bbox 1658 2201 1767 2326; x_wconf 66' lang='lat' dir='ltr'>jam</span> 
     </span>
    </p>
   </div>
   <div class='ocr_carea' id='block_1_3' title="bbox 458 2457 1768 2657">
    <p class='ocr_par' dir='ltr' id='par_1_4' title="bbox 458 2457 1768 2657">
     <span class='ocr_line' id='line_1_13' title="bbox 503 2457 1766 2557; baseline 0.003 -25"><span class='ocrx_word' id='word_1_74' title='bbox 503 2459 558 2550; x_wconf 74' lang='lat' dir='ltr'>(n)</span> <span class='ocrx_word' id='word_1_75' title='bbox 584 2460 671 2534; x_wconf 88' lang='lat' dir='ltr'>Fuit</span> <span class='ocrx_word' id='word_1_76' title='bbox 697 2457 786 2535; x_wconf 76' lang='lat' dir='ltr'>veti&gt;</span> <span class='ocrx_word' id='word_1_77' title='bbox 809 2459 916 2535; x_wconf 79' lang='lat' dir='ltr'>etiam</span> <span class='ocrx_word' id='word_1_78' title='bbox 937 2481 1141 2552; x_wconf 85' lang='lat' dir='ltr'>nonnemo,</span> <span class='ocrx_word' id='word_1_79' title='bbox 1167 2460 1227 2557; x_wconf 87' lang='lat' dir='ltr'>qui</span> <span class='ocrx_word' id='word_1_80' title='bbox 1246 2458 1393 2534; x_wconf 72' lang='lat' dir='ltr'>inficeto</span> <span class='ocrx_word' id='word_1_81' title='bbox 1411 2459 1582 2550; x_wconf 85' lang='lat' dir='ltr'>ratione,</span> <span class='ocrx_word' id='word_1_82' title='bbox 1595 2482 1666 2532; x_wconf 89' lang='lat' dir='ltr'>non</span> <span class='ocrx_word' id='word_1_83' title='bbox 1685 2460 1766 2537; x_wconf 78' lang='lat' dir='ltr'>satis</span> 
     </span>
     <span class='ocr_line' id='line_1_14' title="bbox 458 2554 1768 2657; baseline 0.003 -28"><span class='ocrx_word' id='word_1_84' title='bbox 458 2554 545 2630; x_wconf 79' lang='lat' dir='ltr'>tuti&gt;</span> <span class='ocrx_word' id='word_1_85' title='bbox 563 2560 596 2632; x_wconf 90' lang='lat' dir='ltr'>id</span> <span class='ocrx_word' id='word_1_86' title='bbox 613 2584 656 2632; x_wconf 84' lang='lat' dir='ltr'>ex</span> <span class='ocrx_word' id='word_1_87' title='bbox 673 2559 848 2657; x_wconf 86' lang='lat' dir='ltr'>Zwinglii</span> <span class='ocrx_word' id='word_1_88' title='bbox 860 2562 896 2633; x_wconf 90' lang='lat'>&amp;</span> <span class='ocrx_word' id='word_1_89' title='bbox 908 2558 1097 2655; x_wconf 82' lang='lat' dir='ltr'>Capitonis</span> <span class='ocrx_word' id='word_1_90' title='bbox 1115 2559 1320 2632; x_wconf 89' lang='lat' dir='ltr'>testimonio</span> <span class='ocrx_word' id='word_1_91' title='bbox 1337 2557 1463 2657; x_wconf 87' lang='lat' dir='ltr'>colligi</span> <span class='ocrx_word' id='word_1_92' title='bbox 1482 2558 1599 2655; x_wconf 83' lang='lat' dir='ltr'>polle,</span> <span class='ocrx_word' id='word_1_93' title='bbox 1618 2557 1768 2633; x_wconf 86' lang='lat' dir='ltr'>definire</span> 
     </span>
    </p>
   </div>
   <div class='ocr_carea' id='block_1_4' title="bbox 457 2655 1766 2820">
    <p class='ocr_par' dir='ltr' id='par_1_5' title="bbox 457 2655 1766 2820">
     <span class='ocr_line' id='line_1_15' title="bbox 457 2655 1766 2820; baseline 0.003 -97"><span class='ocrx_word' id='word_1_94' title='bbox 457 2656 599 2820; x_wconf 52' lang='lat' dir='ltr'>voluip,</span> <span class='ocrx_word' id='word_1_95' title='bbox 619 2659 754 2752; x_wconf 86' lang='lat' dir='ltr'>quippe</span> <span class='ocrx_word' id='word_1_96' title='bbox 772 2681 853 2728; x_wconf 87' lang='lat' dir='ltr'>cum</span> <span class='ocrx_word' id='word_1_97' title='bbox 871 2658 908 2727; x_wconf 89' lang='lat' dir='ltr'>hi</span> <span class='ocrx_word' id='word_1_98' title='bbox 929 2658 965 2728; x_wconf 91' lang='lat' dir='ltr'>in</span> <span class='ocrx_word' id='word_1_99' title='bbox 984 2657 1130 2752; x_wconf 85' lang='lat' dir='ltr'>propria</span> <span class='ocrx_word' id='word_1_100' title='bbox 1148 2657 1248 2728; x_wconf 85' lang='lat' dir='ltr'>causa</span> <span class='ocrx_word' id='word_1_101' title='bbox 1268 2657 1314 2730; x_wconf 85' lang='lat' dir='ltr'>fic</span> <span class='ocrx_word' id='word_1_102' title='bbox 1333 2658 1480 2728; x_wconf 87' lang='lat' dir='ltr'>tulerint</span> <span class='ocrx_word' id='word_1_103' title='bbox 1496 2655 1766 2742; x_wconf 69' lang='lat' dir='ltr'>testimonium</span> 
     </span>
    </p>
   </div>
   <div class='ocr_carea' id='block_1_5' title="bbox 454 2749 1767 3427">
    <p class='ocr_par' dir='ltr' id='par_1_6' title="bbox 454 2749 1767 3427">
     <span class='ocr_line' id='line_1_16' title="bbox 458 2749 1767 2845; baseline 0.002 -26"><span class='ocrx_word' id='word_1_104' title='bbox 458 2749 548 2839; x_wconf 78' lang='lat' dir='ltr'>Qua</span> <span class='ocrx_word' id='word_1_105' title='bbox 594 2749 715 2841; x_wconf 75' lang='lat' dir='ltr'>vetit,</span> <span class='ocrx_word' id='word_1_106' title='bbox 732 2752 979 2828; x_wconf 81' lang='lat' dir='ltr'>LUTHERl</span> <span class='ocrx_word' id='word_1_107' title='bbox 999 2755 1199 2845; x_wconf 79' lang='lat' dir='ltr'>inproptia</span> <span class='ocrx_word' id='word_1_108' title='bbox 1216 2752 1315 2823; x_wconf 86' lang='lat' dir='ltr'>causa</span> <span class='ocrx_word' id='word_1_109' title='bbox 1333 2751 1600 2840; x_wconf 76' lang='lat' dir='ltr'>testimonium,</span> <span class='ocrx_word' id='word_1_110' title='bbox 1624 2751 1767 2843; x_wconf 88' lang='lat' dir='ltr'>quando</span> 
     </span>
     <span class='ocr_line' id='line_1_17' title="bbox 455 2843 1766 2942; baseline -0.001 -24"><span class='ocrx_word' id='word_1_111' title='bbox 455 2846 486 2919; x_wconf 88' lang='lat' dir='ltr'>is</span> <span class='ocrx_word' id='word_1_112' title='bbox 502 2844 707 2919; x_wconf 78' lang='lat' dir='ltr'>Tomovl.</span> <span class='ocrx_word' id='word_1_113' title='bbox 727 2848 838 2942; x_wconf 84' lang='lat' dir='ltr'>Oper.</span> <span class='ocrx_word' id='word_1_114' title='bbox 853 2848 991 2941; x_wconf 86' lang='lat' dir='ltr'>Jenens.</span> <span class='ocrx_word' id='word_1_115' title='bbox 1010 2848 1183 2921; x_wconf 84' lang='lat' dir='ltr'>German.</span> <span class='ocrx_word' id='word_1_116' title='bbox 1202 2845 1266 2918; x_wconf 86' lang='lat' dir='ltr'>fol.</span> <span class='ocrx_word' id='word_1_117' title='bbox 1278 2867 1359 2917; x_wconf 80' lang='lat'>220.</span> <span class='ocrx_word' id='word_1_118' title='bbox 1376 2843 1414 2915; x_wconf 91' lang='lat' dir='ltr'>b.</span> <span class='ocrx_word' id='word_1_119' title='bbox 1432 2843 1577 2932; x_wconf 85' lang='lat' dir='ltr'>scribit,</span> <span class='ocrx_word' id='word_1_120' title='bbox 1602 2843 1672 2934; x_wconf 90' lang='lat' dir='ltr'>„se</span> <span class='ocrx_word' id='word_1_121' title='bbox 1689 2847 1766 2941; x_wconf 88' lang='lat' dir='ltr'>pri·</span> 
     </span>
     <span class='ocr_line' id='line_1_18' title="bbox 458 2937 1767 3039; baseline 0.002 -25"><span class='ocrx_word' id='word_1_122' title='bbox 458 2992 486 3034; x_wconf 91' lang='lat'>„</span> <span class='ocrx_word' id='word_1_123' title='bbox 505 2966 603 3014; x_wconf 90' lang='lat' dir='ltr'>mum</span> <span class='ocrx_word' id='word_1_124' title='bbox 632 2942 867 3039; x_wconf 85' lang='lat' dir='ltr'>Evangelium</span> <span class='ocrx_word' id='word_1_125' title='bbox 895 2946 1275 3033; x_wconf 63' lang='lat' dir='ltr'>clementinum,</span> <span class='ocrx_word' id='word_1_126' title='bbox 1309 2963 1441 3037; x_wconf 77' lang='lat' dir='ltr'>atque,</span> <span class='ocrx_word' id='word_1_127' title='bbox 1476 2937 1539 3012; x_wconf 83' lang='lat' dir='ltr'>nist</span> <span class='ocrx_word' id='word_1_128' title='bbox 1566 2940 1639 3037; x_wconf 87' lang='lat' dir='ltr'>ipse</span> <span class='ocrx_word' id='word_1_129' title='bbox 1666 2942 1701 3015; x_wconf 90' lang='lat' dir='ltr'>id</span> <span class='ocrx_word' id='word_1_130' title='bbox 1728 2944 1767 3017; x_wconf 88' lang='lat' dir='ltr'>in</span> 
     </span>
     <span class='ocr_line' id='line_1_19' title="bbox 458 3038 1765 3137; baseline 0.002 -26"><span class='ocrx_word' id='word_1_131' title='bbox 458 3090 487 3133; x_wconf 95' lang='lat'>„</span> <span class='ocrx_word' id='word_1_132' title='bbox 507 3040 677 3112; x_wconf 88' lang='lat' dir='ltr'>mundum</span> <span class='ocrx_word' id='word_1_133' title='bbox 713 3040 965 3137; x_wconf 71' lang='lat' dir='ltr'>produxisset,</span> <span class='ocrx_word' id='word_1_134' title='bbox 1007 3044 1161 3137; x_wconf 85' lang='lat' dir='ltr'>reliquos</span> <span class='ocrx_word' id='word_1_135' title='bbox 1187 3038 1328 3113; x_wconf 77' lang='lat' dir='ltr'>forcalle</span> <span class='ocrx_word' id='word_1_136' title='bbox 1353 3040 1403 3111; x_wconf 87' lang='lat' dir='ltr'>nil</span> <span class='ocrx_word' id='word_1_137' title='bbox 1430 3041 1622 3135; x_wconf 85' lang='lat' dir='ltr'>quicquam</span> <span class='ocrx_word' id='word_1_138' title='bbox 1650 3040 1694 3114; x_wconf 91' lang='lat' dir='ltr'>de</span> <span class='ocrx_word' id='word_1_139' title='bbox 1719 3066 1765 3114; x_wconf 91' lang='lat' dir='ltr'>eo</span> 
     </span>
     <span class='ocr_line' id='line_1_20' title="bbox 458 3138 1766 3236; baseline 0.003 -28"><span class='ocrx_word' id='word_1_140' title='bbox 458 3186 486 3229; x_wconf 89' lang='lat'><strong>„</strong></span> <span class='ocrx_word' id='word_1_141' title='bbox 504 3158 733 3234; x_wconf 81' lang='lat' dir='ltr'>percepturos</span> <span class='ocrx_word' id='word_1_142' title='bbox 750 3138 887 3233; x_wconf 81' lang='lat' dir='ltr'>suille„</span> <span class='ocrx_word' id='word_1_143' title='bbox 907 3141 1052 3236; x_wconf 80' lang='lat' dir='ltr'><em>(dafffie</em></span> <span class='ocrx_word' id='word_1_144' title='bbox 1068 3164 1129 3213; x_wconf 84' lang='lat' dir='ltr'>uns</span> <span class='ocrx_word' id='word_1_145' title='bbox 1144 3141 1284 3212; x_wconf 84' lang='lat' dir='ltr'>dennoch</span> <span class='ocrx_word' id='word_1_146' title='bbox 1298 3138 1359 3210; x_wconf 82' lang='lat' dir='ltr'>den</span> <span class='ocrx_word' id='word_1_147' title='bbox 1372 3156 1465 3210; x_wconf 82' lang='lat' dir='ltr'><em>trorz</em></span> <span class='ocrx_word' id='word_1_148' title='bbox 1476 3141 1594 3231; x_wconf 77' lang='lat' dir='ltr'>laffen,</span> <span class='ocrx_word' id='word_1_149' title='bbox 1611 3139 1766 3232; x_wconf 76' lang='lat' dir='ltr'><em>daffwir</em></span> 
     </span>
     <span class='ocr_line' id='line_1_21' title="bbox 456 3233 1765 3334; baseline 0.005 -31"><span class='ocrx_word' id='word_1_150' title='bbox 456 3233 523 3305; x_wconf 78' lang='lat' dir='ltr'>che</span> <span class='ocrx_word' id='word_1_151' title='bbox 546 3234 639 3306; x_wconf 91' lang='lat' dir='ltr'>denn</span> <span class='ocrx_word' id='word_1_152' title='bbox 665 3234 741 3328; x_wconf 86' lang='lat' dir='ltr'>fic,</span> <span class='ocrx_word' id='word_1_153' title='bbox 783 3239 875 3310; x_wconf 77' lang='lat' dir='ltr'><em>drzu</em></span> <span class='ocrx_word' id='word_1_154' title='bbox 900 3241 1045 3309; x_wconf 68' lang='lat' dir='ltr'>commen</span> <span class='ocrx_word' id='word_1_155' title='bbox 1061 3239 1161 3332; x_wconf 80' lang='lat' dir='ltr'>find,</span> <span class='ocrx_word' id='word_1_156' title='bbox 1195 3238 1264 3309; x_wconf 82' lang='lat' dir='ltr'>und</span> <span class='ocrx_word' id='word_1_157' title='bbox 1286 3239 1345 3309; x_wconf 83' lang='lat' dir='ltr'>das</span> <span class='ocrx_word' id='word_1_158' title='bbox 1367 3239 1574 3334; x_wconf 80' lang='lat' dir='ltr'>Evangelion</span> <span class='ocrx_word' id='word_1_159' title='bbox 1596 3240 1765 3332; x_wconf 75' lang='lat' dir='ltr'>grpredigt</span> 
     </span>
     <span class='ocr_line' id='line_1_22' title="bbox 454 3330 1766 3427; baseline 0.001 -25"><span class='ocrx_word' id='word_1_160' title='bbox 454 3330 582 3421; x_wconf 79' lang='lat' dir='ltr'>haben,</span> <span class='ocrx_word' id='word_1_161' title='bbox 593 3330 722 3425; x_wconf 76' lang='lat' dir='ltr'><em>dafffie</em></span> <span class='ocrx_word' id='word_1_162' title='bbox 736 3336 890 3406; x_wconf 79' lang='lat' dir='ltr'>viellicht</span> <span class='ocrx_word' id='word_1_163' title='bbox 907 3335 1025 3407; x_wconf 86' lang='lat' dir='ltr'>nichts</span> <span class='ocrx_word' id='word_1_164' title='bbox 1042 3337 1153 3407; x_wconf 75' lang='lat' dir='ltr'><em>daron</em></span> <span class='ocrx_word' id='word_1_165' title='bbox 1170 3336 1316 3427; x_wconf 79' lang='lat' dir='ltr'>wiisten,</span> <span class='ocrx_word' id='word_1_166' title='bbox 1333 3357 1386 3405; x_wconf 81' lang='lat' dir='ltr'>wo</span> <span class='ocrx_word' id='word_1_167' title='bbox 1398 3335 1481 3403; x_wconf 86' lang='lat' dir='ltr'>wirs</span> <span class='ocrx_word' id='word_1_168' title='bbox 1498 3336 1589 3404; x_wconf 85' lang='lat' dir='ltr'>nicht</span> <span class='ocrx_word' id='word_1_169' title='bbox 1605 3338 1766 3420; x_wconf 79' lang='lat' dir='ltr'>zuvorirt¹</span> 
     </span>
    </p>
   </div>
   <div class='ocr_carea' id='block_1_6' title="bbox 455 3427 1887 3527">
    <p class='ocr_par' dir='ltr' id='par_1_7' title="bbox 455 3427 1887 3527">
     <span class='ocr_line' id='line_1_23' title="bbox 455 3427 1887 3527; baseline 0 -28"><span class='ocrx_word' id='word_1_170' title='bbox 455 3428 510 3500; x_wconf 80' lang='lat' dir='ltr'>dir</span> <span class='ocrx_word' id='word_1_171' title='bbox 527 3432 608 3499; x_wconf 73' lang='lat' dir='ltr'>wel!</span> <span class='ocrx_word' id='word_1_172' title='bbox 619 3433 776 3525; x_wconf 80' lang='lat' dir='ltr'><em>gebracht</em></span> <span class='ocrx_word' id='word_1_173' title='bbox 789 3430 1334 3527; x_wconf 75' lang='lat' dir='ltr'>herten)majusclletacpotius,</span> <span class='ocrx_word' id='word_1_174' title='bbox 1353 3453 1457 3522; x_wconf 87' lang='lat' dir='ltr'>quam</span> <span class='ocrx_word' id='word_1_175' title='bbox 1469 3427 1764 3520; x_wconf 89' lang='lat' dir='ltr'>ZWINGLIl,</span> <span class='ocrx_word' id='word_1_176' title='bbox 1878 3447 1887 3458; x_wconf 75' lang='grc'><strong>“</strong></span> 
     </span>
    </p>
   </div>
   <div class='ocr_carea' id='block_1_7' title="bbox 451 3524 1764 4386">
    <p class='ocr_par' dir='ltr' id='par_1_8' title="bbox 451 3524 1764 4386">
     <span class='ocr_line' id='line_1_24' title="bbox 455 3524 1763 3620; baseline 0.002 -26"><span class='ocrx_word' id='word_1_177' title='bbox 455 3524 518 3618; x_wconf 87' lang='lat' dir='ltr'>qui</span> <span class='ocrx_word' id='word_1_178' title='bbox 537 3544 753 3599; x_wconf 86' lang='lat' dir='ltr'>tamencum</span> <span class='ocrx_word' id='word_1_179' title='bbox 773 3530 870 3599; x_wconf 87' lang='lat' dir='ltr'>omni</span> <span class='ocrx_word' id='word_1_180' title='bbox 890 3527 1061 3601; x_wconf 86' lang='lat' dir='ltr'>modestia</span> <span class='ocrx_word' id='word_1_181' title='bbox 1075 3529 1110 3599; x_wconf 90' lang='lat' dir='ltr'>id</span> <span class='ocrx_word' id='word_1_182' title='bbox 1122 3529 1165 3599; x_wconf 87' lang='lat' dir='ltr'>dc</span> <span class='ocrx_word' id='word_1_183' title='bbox 1175 3527 1207 3599; x_wconf 86' lang='lat' dir='ltr'>se</span> <span class='ocrx_word' id='word_1_184' title='bbox 1217 3528 1323 3599; x_wconf 81' lang='lat' dir='ltr'>refert</span> <span class='ocrx_word' id='word_1_185' title='bbox 1336 3528 1466 3620; x_wconf 75' lang='lat' dir='ltr'>pariter</span> <span class='ocrx_word' id='word_1_186' title='bbox 1476 3544 1581 3618; x_wconf 86' lang='lat' dir='ltr'>atque</span> <span class='ocrx_word' id='word_1_187' title='bbox 1592 3546 1763 3618; x_wconf 88' lang='lat' dir='ltr'>compto·</span> 
     </span>
     <span class='ocr_line' id='line_1_25' title="bbox 453 3618 1762 3721; baseline 0.003 -31"><span class='ocrx_word' id='word_1_188' title='bbox 453 3618 528 3691; x_wconf 80' lang='lat' dir='ltr'>bat.</span> <span class='ocrx_word' id='word_1_189' title='bbox 547 3621 645 3713; x_wconf 83' lang='lat' dir='ltr'>Aut,</span> <span class='ocrx_word' id='word_1_190' title='bbox 664 3623 757 3718; x_wconf 83' lang='lat' dir='ltr'>quast</span> <span class='ocrx_word' id='word_1_191' title='bbox 773 3624 1016 3698; x_wconf 87' lang='lat' dir='ltr'>testimonium</span> <span class='ocrx_word' id='word_1_192' title='bbox 1027 3624 1223 3721; x_wconf 83' lang='lat' dir='ltr'>Zwinglii,</span> <span class='ocrx_word' id='word_1_193' title='bbox 1243 3622 1600 3717; x_wconf 72' lang='lat' dir='ltr'>quantloisA.1522.</span> <span class='ocrx_word' id='word_1_194' title='bbox 1619 3620 1762 3718; x_wconf 84' lang='lat' dir='ltr'>scribit,</span> 
     </span>
     <span class='ocr_line' id='line_1_26' title="bbox 455 3715 1763 3819; baseline 0.005 -32"><span class='ocrx_word' id='word_1_195' title='bbox 455 3767 484 3810; x_wconf 96' lang='lat'>„</span> <span class='ocrx_word' id='word_1_196' title='bbox 501 3719 595 3811; x_wconf 88' lang='lat' dir='ltr'>quod</span> <span class='ocrx_word' id='word_1_197' title='bbox 611 3721 685 3813; x_wconf 84' lang='lat' dir='ltr'>jam</span> <span class='ocrx_word' id='word_1_198' title='bbox 703 3725 800 3794; x_wconf 81' lang='lat' dir='ltr'>annis</span> <span class='ocrx_word' id='word_1_199' title='bbox 820 3721 930 3796; x_wconf 84' lang='lat' dir='ltr'>ferme</span> <span class='ocrx_word' id='word_1_200' title='bbox 947 3745 1103 3819; x_wconf 85' lang='lat' dir='ltr'>quatuor</span> <span class='ocrx_word' id='word_1_201' title='bbox 1122 3722 1294 3810; x_wconf 84' lang='lat' dir='ltr'>(scilicet,</span> <span class='ocrx_word' id='word_1_202' title='bbox 1319 3723 1408 3812; x_wconf 85' lang='lat' dir='ltr'>apud</span> <span class='ocrx_word' id='word_1_203' title='bbox 1417 3715 1609 3815; x_wconf 72' lang='lat' dir='ltr'>ligurinus,</span> <span class='ocrx_word' id='word_1_204' title='bbox 1628 3719 1763 3818; x_wconf 87' lang='lat' dir='ltr'>dequi-</span> 
     </span>
     <span class='ocr_line' id='line_1_27' title="bbox 453 3814 1764 3916; baseline 0.005 -33"><span class='ocrx_word' id='word_1_205' title='bbox 453 3865 482 3908; x_wconf 92' lang='lat'>„</span> <span class='ocrx_word' id='word_1_206' title='bbox 503 3815 567 3885; x_wconf 87' lang='lat' dir='ltr'>bus</span> <span class='ocrx_word' id='word_1_207' title='bbox 592 3816 640 3887; x_wconf 91' lang='lat' dir='ltr'>ibi</span> <span class='ocrx_word' id='word_1_208' title='bbox 667 3817 782 3892; x_wconf 86' lang='lat' dir='ltr'>sermo</span> <span class='ocrx_word' id='word_1_209' title='bbox 798 3818 865 3908; x_wconf 86' lang='lat' dir='ltr'>est)</span> <span class='ocrx_word' id='word_1_210' title='bbox 894 3822 1131 3916; x_wconf 85' lang='lat' dir='ltr'>Evangelium</span> <span class='ocrx_word' id='word_1_211' title='bbox 1152 3815 1338 3889; x_wconf 85' lang='lat' dir='ltr'>Christi&amp;</span> <span class='ocrx_word' id='word_1_212' title='bbox 1361 3814 1556 3890; x_wconf 69' lang='lat' dir='ltr'>doctrinam</span> <span class='ocrx_word' id='word_1_213' title='bbox 1575 3818 1764 3913; x_wconf 87' lang='lat' dir='ltr'>Apostoli·</span> 
     </span>
     <span class='ocr_line' id='line_1_28' title="bbox 451 3912 1762 4011; baseline 0.005 -29"><span class='ocrx_word' id='word_1_214' title='bbox 451 3964 478 4003; x_wconf 93' lang='lat'>„</span> <span class='ocrx_word' id='word_1_215' title='bbox 500 3935 579 3983; x_wconf 87' lang='lat' dir='ltr'>cam</span> <span class='ocrx_word' id='word_1_216' title='bbox 602 3916 849 4008; x_wconf 83' lang='lat' dir='ltr'>praedicaverit</span> <span class='ocrx_word' id='word_1_217' title='bbox 867 3970 894 4009; x_wconf 92' lang='lat'>„</span> <span class='ocrx_word' id='word_1_218' title='bbox 921 3920 1009 4011; x_wconf 90' lang='lat' dir='ltr'>(vid.</span> <span class='ocrx_word' id='word_1_219' title='bbox 1032 3921 1251 3988; x_wconf 86' lang='lat' dir='ltr'>Document.</span> <span class='ocrx_word' id='word_1_220' title='bbox 1271 3912 1379 3987; x_wconf 86' lang='lat' dir='ltr'>nostr.</span> <span class='ocrx_word' id='word_1_221' title='bbox 1397 3916 1439 3987; x_wconf 86' lang='lat' dir='ltr'>ad</span> <span class='ocrx_word' id='word_1_222' title='bbox 1461 3916 1598 3989; x_wconf 84' lang='lat' dir='ltr'>lnttod.</span> <span class='ocrx_word' id='word_1_223' title='bbox 1619 3914 1762 3989; x_wconf 86' lang='lat' dir='ltr'>Histor.</span> 
     </span>
     <span class='ocr_line' id='line_1_29' title="bbox 452 4007 1763 4110; baseline 0.004 -29"><span class='ocrx_word' id='word_1_224' title='bbox 452 4007 541 4081; x_wconf 84' lang='lat' dir='ltr'><strong>Ref.</strong></span> <span class='ocrx_word' id='word_1_225' title='bbox 569 4034 651 4108; x_wconf 85' lang='lat' dir='ltr'><strong>pag.</strong></span> <span class='ocrx_word' id='word_1_226' title='bbox 672 4014 775 4109; x_wconf 81' lang='lat'>215.)</span> <span class='ocrx_word' id='word_1_227' title='bbox 803 4017 973 4110; x_wconf 75' lang='lat' dir='ltr'>majorem</span> <span class='ocrx_word' id='word_1_228' title='bbox 1003 4036 1178 4086; x_wconf 83' lang='lat' dir='ltr'>merentur</span> <span class='ocrx_word' id='word_1_229' title='bbox 1196 4012 1328 4105; x_wconf 86' lang='lat' dir='ltr'>fidem,</span> <span class='ocrx_word' id='word_1_230' title='bbox 1354 4038 1482 4109; x_wconf 86' lang='lat' dir='ltr'>quam,</span> <span class='ocrx_word' id='word_1_231' title='bbox 1509 4014 1571 4086; x_wconf 91' lang='lat' dir='ltr'>ubi</span> <span class='ocrx_word' id='word_1_232' title='bbox 1590 4011 1681 4083; x_wconf 85' lang='lat' dir='ltr'>idem</span> <span class='ocrx_word' id='word_1_233' title='bbox 1701 4012 1763 4086; x_wconf 85' lang='lat' dir='ltr'>ille</span> 
     </span>
     <span class='ocr_line' id='line_1_30' title="bbox 451 4104 1764 4208; baseline 0.005 -33"><span class='ocrx_word' id='word_1_234' title='bbox 451 4104 669 4205; x_wconf 83' lang='lat' dir='ltr'>profitetur,</span> <span class='ocrx_word' id='word_1_235' title='bbox 702 4132 809 4204; x_wconf 80' lang='lat' dir='ltr'>atque</span> <span class='ocrx_word' id='word_1_236' title='bbox 835 4117 878 4185; x_wconf 84' lang='lat' dir='ltr'>ad</span> <span class='ocrx_word' id='word_1_237' title='bbox 907 4111 979 4185; x_wconf 86' lang='lat' dir='ltr'>fide</span> <span class='ocrx_word' id='word_1_238' title='bbox 1006 4114 1135 4208; x_wconf 88' lang='lat' dir='ltr'>dignos</span> <span class='ocrx_word' id='word_1_239' title='bbox 1164 4109 1266 4184; x_wconf 82' lang='lat' dir='ltr'>testes</span> <span class='ocrx_word' id='word_1_240' title='bbox 1291 4135 1487 4204; x_wconf 82' lang='lat' dir='ltr'>provocat,</span> <span class='ocrx_word' id='word_1_241' title='bbox 1521 4108 1648 4204; x_wconf 82' lang='lat' dir='ltr'>sejam</span> <span class='ocrx_word' id='word_1_242' title='bbox 1666 4116 1764 4201; x_wconf 82' lang='lat' dir='ltr'>prius</span> 
     </span>
     <span class='ocr_line' id='line_1_31' title="bbox 451 4203 1761 4381; baseline -0.001 -106"><span class='ocrx_word' id='word_1_243' title='bbox 451 4228 574 4381; x_wconf 72' lang='lat' dir='ltr'>propre</span> <span class='ocrx_word' id='word_1_244' title='bbox 599 4205 636 4279; x_wconf 89' lang='lat' dir='ltr'>id</span> <span class='ocrx_word' id='word_1_245' title='bbox 661 4206 781 4283; x_wconf 74' lang='lat' dir='ltr'>fecisse</span> <span class='ocrx_word' id='word_1_246' title='bbox 805 4210 899 4308; x_wconf 80' lang='lat' dir='ltr'>apud</span> <span class='ocrx_word' id='word_1_247' title='bbox 917 4206 1153 4284; x_wconf 81' lang='lat' dir='ltr'>Glaronenles</span> <span class='ocrx_word' id='word_1_248' title='bbox 1170 4229 1275 4307; x_wconf 82' lang='lat' dir='ltr'>atque</span> <span class='ocrx_word' id='word_1_249' title='bbox 1294 4206 1558 4283; x_wconf 84' lang='lat' dir='ltr'>Einfiedlenses.</span> <span class='ocrx_word' id='word_1_250' title='bbox 1601 4203 1761 4301; x_wconf 84' lang='lat' dir='ltr'>Sapienti</span> 
     </span>
     <span class='ocr_line' id='line_1_32' title="bbox 468 4330 523 4386; baseline 0 -4"><span class='ocrx_word' id='word_1_251' title='bbox 468 4330 523 4386; x_wconf 75' lang='lat' dir='ltr'>at.</span> 
     </span>
    </p>
   </div>
   <div class='ocr_carea' id='block_1_8' title="bbox 0 0 2226 5150">
    <p class='ocr_par' dir='ltr' id='par_1_9' title="bbox 0 0 2226 5150">
     <span class='ocr_line' id='line_1_33' title="bbox 0 0 2226 5150; baseline 0 3"><span class='ocrx_word' id='word_1_252' title='bbox 0 0 2226 5150; x_wconf 95' lang='lat' dir='ltr'> </span> 
     </span>
    </p>
   </div>
  </div>
 </body>
</html>
