4442 5150
1035 601 1154 703 (84)

451 732 513 830 qui
530 731 709 807 nobiscum
728 729 804 806 sunt
821 733 997 824 mortales,
1018 731 1141 831 scripta
1159 751 1271 808 tamen
1285 733 1447 808 habeatur
1459 731 1493 807 in
1507 731 1600 809 fastis
1614 733 1733 833 super·

452 853 577 900 norum
594 831 736 901 civium.
786 828 834 900 Et
853 853 895 901 ne
907 828 1084 900 timidulos
1095 829 1247 902 redderet
1258 840 1430 924 naoaoya‘ac
1452 832 1596 928 egestas,
1622 853 1662 902 ac
1675 830 1736 903 de·
1819 898 1825 908 t

453 922 475 994 s
513 923 619 1011 ratio,
641 922 737 1019 quod
749 922 905 995 omnium
917 923 1020 994 effent
1033 922 1220 1019 inexperti:
1245 923 1379 996 securos
1392 923 1549 1014 reddidit,
1573 924 1733 1020 spiritum

452 948 553 1091 iiiam
565 1016 680 1090 adfore
691 1017 893 1106 contestans,
915 1017 1105 1182 quumljam
1120 1018 1212 1115 apud
1225 1016 1391 1091 Praefides
1406 1019 1617 1115 prooemium
1638 1019 1733 1090 ordi·

451 1112 480 1183 ri
494 1112 791 1185 meditaremurz&
803 1112 911 1184 salvos
923 1112 1010 1185 dixit
1037 1134 1172 1203 uturos,
1195 1113 1256 1208 qui
1272 1111 1425 1206 usquein
1437 1112 1541 1186 finem
1556 1115 1731 1187 durarent}

451 1230 514 1279 nec
528 1207 634 1280 vereri
646 1204 768 1279 debere
788 1229 846 1278 eos
864 1207 925 1304 qui
941 1230 1069 1302 corpus
1084 1206 1254 1302 trucidare
1273 1205 1417 1302 poifirrt,
1436 1231 1518 1282 cum
1529 1209 1675 1280 animam
1688 1229 1732 1280 nc

452 1300 573 1375 laedere
584 1300 724 1396 quidem
734 1321 870 1398 queant.
1501 1372 1509 1388 s
1742 1313 1748 1330 ’

501 1398 593 1470 Haec
611 1397 769 1491 inquam,
790 1395 922 1493 aliaque
945 1396 980 1468 in
1001 1395 1211 1470 consimilem
1233 1398 1333 1471 usum
1357 1397 1413 1470 vel
1436 1394 1546 1484 dista,
1567 1396 1623 1470 vel
1642 1393 1730 1471 fadis

451 1514 589 1565 mecum
617 1511 794 1588 reputans,
817 1491 886 1566 huc
910 1490 1094 1587 aliquando
1113 1493 1240 1582 venio,
1263 1517 1302 1566 ut
1318 1495 1404 1581 mori
1419 1517 1482 1588 pro
1501 1491 1643 1566 Christo
1659 1513 1731 1562 non

451 1588 560 1683 usque
582 1585 666 1658 adeo
688 1584 872 1659 detrectem
890 1587 982 1684 apud
1004 1611 1069 1658 me.
1092 1587 1276 1683 aliquando
1301 1611 1385 1660 veto
1406 1588 1518 1660 nostra
1545 1587 1620 1659 haec
1643 1585 1730 1657 infe·

451 1677 529 1753 licia
541 1683 693 1778 tempora
706 1680 859 1771 intuens,
880 1681 1008 1778 quibus
1020 1683 1188 1755 temeritas
1196 1703 1230 1755 et
1242 1681 1466 1782 ingratitudo,
1492 1705 1533 1754 ne
1549 1681 1658 1753 dicam
1681 1677 1735 1750 in·

447 1775 604 1869 justicia,
628 1776 742 1848 omnia
768 1796 899 1864 tenent,
921 1776 1036 1846 omnia
1062 1779 1276 1871 pervadunt,
1301 1778 1416 1848 omnia
1433 1777 1580 1849 vastante
1603 1775 1638 1846 in
1659 1793 1729 1846 tam

452 1868 618 1942 diversam
650 1870 764 1942 trahor
785 1869 1004 1954 sententiam,
1031 1889 1136 1940 utne
1168 1869 1253 1939 mihi
1280 1870 1419 1963 quidem
1450 1872 1547 1963 plane
1574 1870 1727 1940 constent

366 1962 368 1969 ’
452 1963 537 2056 quid
564 1963 717 2036 sentiamt
745 1962 804 2033 nisr
827 1963 945 2059 quod,
978 1961 1061 2033 dum
1080 1962 1123 2032 ad
1148 1986 1205 2034 me
1225 1963 1341 2048 redeo,
1365 1962 1484 2033 divino
1505 1983 1593 2033 nutu
1615 1960 1730 2033 omnia

451 2054 525 2130 haec
544 2055 617 2132 fieri
634 2056 827 2154 cognosco,
852 2075 892 2128 ut
910 2055 977 2126 hoc
1003 2053 1105 2149 paeto
1122 2058 1184 2151 qui
1206 2057 1249 2143 ad
1269 2056 1387 2128 Deum
1401 2057 1557 2127 accedere
1580 2053 1649 2128 fide
1668 2078 1732 2125 no·

452 2149 587 2240 lebant,
608 2153 789 2248 deploratis
813 2151 911 2223 rebus
934 2148 1113 2240 omnibus,
1139 2150 1294 2223 adhunc
1322 2174 1429 2224 unum
1458 2149 1562 2223 confu
1589 2173 1645 2222 ere
1668 2172 1728 2220 co·

451 2268 593 2345 gantur:
617 2249 700 2320 dum
719 2247 841 2321 scilicet
858 2245 952 2318 omni
965 2245 1111 2317 humana
1122 2269 1188 2341 ope
1200 2243 1367 2319 fuerimus
1377 2244 1530 2320 destituti
1542 2299 1553 2335 ,
1566 2172 1645 2319 iruc
1656 2263 1729 2318 tan·

427 2351 429 2366 '
452 2364 554 2438 quam
576 2345 618 2415 nd
642 2342 728 2414 lovis
749 2349 939 2438 aqnaoo‘yera
969 2364 1227 2414 concurramus.

502 2436 626 2511 Fufius
637 2459 781 2511 tecume
809 2439 916 2526 imus,
927 2459 1031 2532 quam
1048 2437 1304 2531 tempusculum
1318 2436 1404 2511 illud
1420 2454 1606 2534 pateretur:
1631 2456 1671 2508 ut
1683 2460 1728 2507 ae·

451 2529 522 2606 stus
536 2533 559 2606 ti
590 2532 596 2544 ‘
622 2533 758 2606 nostros
775 2461 859 2606 dum
876 2555 935 2606 ore
953 2555 1022 2605 non
1040 2529 1236 2629 possumus,
1257 2525 1387 2607 calamo
1403 2551 1669 2629 exponeremus:
1692 2529 1731 2604 dc

450 2624 558 2724 fiqua
618 2650 667 2703 rte
680 2628 782 2702 effent
795 2627 870 2703 usui
889 2627 951 2701 tibi
962 2627 1094 2718 fututa,
1116 2628 1393 2702 nondocffemus.
1414 2628 1623 2725 Quanquam
1639 2626 1732 2699 haud

377 2739 381 2747 ·
451 2720 618 2892 iquorote
630 2724 818 2821 plurimum
833 2721 943 2821 posse,
965 2748 1036 2802 non
1047 2724 1153 2797 modo
1165 2725 1209 2798 tei
1235 2724 1309 2797 sum
1322 2723 1545 2812 consolando,
1559 2722 1613 2794 sed
1628 2721 1731 2796 etiam

451 2843 470 2890 a
485 2819 534 2893 ios
544 2820 771 2900 adhortando:
795 2820 905 2893 ansam
919 2842 1032 2894 tamen
1044 2819 1179 2917 praebui
1194 2751 1438 2892 aiundantiora
1454 2817 1675 2913 parturiendi,
1690 2819 1734 2889 dc

453 2914 598 2986 vicissrm
616 2914 713 2987 nobis
729 2914 1023 2987 communicandi:
1048 2935 1087 2985 ut
1104 2914 1189 2983 dum
1212 2914 1349 3007 indigne
1364 2912 1460 2983 audis
1473 2910 1564 3004 apud
1584 2929 1662 2979 tuos
1677 2909 1730 2978 di·

451 3006 495 3078 ici
524 3010 620 3079 ulum
638 3010 793 3077 nostrum
810 3008 874 3077 effe
886 3005 1038 3093 facium,
1057 3003 1221 3075 omnibus
1246 3028 1317 3075 non
1332 3002 1539 3101 discipulum
1555 3001 1730 3093 nostrum,

453 3101 485 3172 se
530 3119 772 3193 praeceptorem
797 3097 861 3168 ess'e
884 3094 1017 3189 probes.

503 3192 656 3266 Petivisti
681 3193 751 3289 jam
782 3190 961 3296 aliquoties
984 3190 1026 3263 de
1051 3188 1146 3279 fide,
1178 3189 1216 3263 &
1241 3189 1284 3264 de
1313 3190 1411 3266 cuitu
1437 3188 1631 3263 sanctorum
1662 3188 1727 3262 ser·

454 3311 571 3361 mones
591 3286 632 3359 ad
657 3283 899 3359 retransmitti.
925 3285 1020 3379 quod
1045 3284 1121 3357 ideo
1148 3308 1217 3357 non
1247 3285 1468 3382 praestamus,
1492 3288 1574 3381 quia
1597 3284 1730 3357 calamo

452 3407 628 3481 nunquam
651 3380 870 3478 excepimus:
894 3383 989 3477 quod
1014 3378 1149 3453 fortaffe
1170 3384 1393 3472 negociorum
1413 3382 1608 3454 nostrorum
1634 3381 1729 3454 rudis

452 3479 573 3576 aliquis
590 3478 788 3563 detestetur,
810 3495 861 3549 tu·
874 3498 979 3566 vero,
1002 3474 1159 3573 quiea&
1180 3476 1321 3565 vidisti,
1338 3476 1526 3566 &audisti‚
1549 3473 1726 3548 bonicon·

453 3574 603 3648 sulturus
618 3600 675 3647 es:
699 3570 963 3669 quamprimum
983 3571 1073 3645 enim
1101 3592 1233 3645 tantum
1252 3571 1536 3662 ocirnadiusero,
1559 3570 1730 3646 votistuis
1829 3589 1831 3593 “

448 3669 508 3745 etfi
533 3670 717 3755 nonsatis,
742 3666 870 3784 aliquid
893 3687 1004 3740 tamen
1021 3665 1129 3739 facere
1164 3666 1323 3752 studebo„

502 3760 1434 3860 Tuintcreaquodamerequiris,ipsestrenueexequere
1444 3786 1451 3829 :
1462 3768 1576 3856 uturfi
1585 3767 1727 3859 inisero·

453 3855 1727 3958 ciascun,auuirachristrdoetrinamansuercereincipiantquodnegocium

452 3954 1096 4053 summaienitateadgrediendumputo.
1110 3954 1191 4027 Nec
1201 3956 1290 4027 enim
1304 3957 1395 4053 apud
1409 3955 1727 4053 tuosficagerccon·

455 4054 559 4140 venit,
571 4071 607 4124 ut
618 4051 708 4148 apud
721 4057 865 4122 nostros:
889 4070 1028 4121 tuorum
1043 4050 1133 4121 enim
1146 4072 1243 4123 aures
1255 4052 1442 4123 etiamnum
1453 4052 1633 4122 teneriores
1644 4069 1755 4150 cum,

453 4147 537 4239 (int,
559 4171 627 4223 uon
646 4146 721 4235 sunt
738 4145 894 4246 protinus
917 4164 984 4219 tam
1007 4146 1158 4223 mordaci
1172 4170 1253 4222 vero
1270 4147 1435 4221 radendae.
1458 4146 1554 4246 quod
1572 4142 1724 4310 &ffihri

1666 4259 1728 4310 um
