<?xml version="1.0" encoding="UTF-8"?>
<!DOCTYPE html PUBLIC "-//W3C//DTD XHTML 1.0 Transitional//EN"
    "http://www.w3.org/TR/xhtml1/DTD/xhtml1-transitional.dtd">
<html xmlns="http://www.w3.org/1999/xhtml" xml:lang="en" lang="en">
 <head>
  <title>
</title>
<meta http-equiv="Content-Type" content="text/html;charset=utf-8" />
  <meta name='ocr-system' content='tesseract 3.04.00' />
  <meta name='ocr-capabilities' content='ocr_page ocr_carea ocr_par ocr_line ocrx_word'/>
</head>
<body>
  <div class='ocr_page' id='page_1' title='image "./introductioinhi01gerdgoog_0523.png"; bbox 0 0 4442 5150; ppageno 0'>
   <div class='ocr_carea' id='block_1_1' title="bbox 1045 532 1168 629">
    <p class='ocr_par' dir='ltr' id='par_1_1' title="bbox 1045 532 1168 629">
     <span class='ocr_line' id='line_1_1' title="bbox 1045 532 1168 629; baseline 0.008 -8"><span class='ocrx_word' id='word_1_1' title='bbox 1045 532 1168 629; x_wconf 79' lang='lat'>(45)</span> 
     </span>
    </p>
   </div>
   <div class='ocr_carea' id='block_1_2' title="bbox 450 655 1742 3896">
    <p class='ocr_par' dir='ltr' id='par_1_2' title="bbox 467 655 1742 857">
     <span class='ocr_line' id='line_1_2' title="bbox 468 655 1742 760; baseline -0.001 -28"><span class='ocrx_word' id='word_1_2' title='bbox 468 657 700 758; x_wconf 76' lang='lat' dir='ltr'>explicantur,</span> <span class='ocrx_word' id='word_1_3' title='bbox 723 660 786 736; x_wconf 92' lang='lat' dir='ltr'>ubi</span> <span class='ocrx_word' id='word_1_4' title='bbox 807 659 936 760; x_wconf 87' lang='lat' dir='ltr'>absque</span> <span class='ocrx_word' id='word_1_5' title='bbox 961 659 1208 755; x_wconf 90' lang='lat' dir='ltr'>sollicitudine,</span> <span class='ocrx_word' id='word_1_6' title='bbox 1237 663 1425 759; x_wconf 83' lang='lat' dir='ltr'>suspicione</span> <span class='ocrx_word' id='word_1_7' title='bbox 1450 681 1509 738; x_wconf 89' lang='lat' dir='ltr'>aut</span> <span class='ocrx_word' id='word_1_8' title='bbox 1530 659 1638 737; x_wconf 88' lang='lat' dir='ltr'>ullius</span> <span class='ocrx_word' id='word_1_9' title='bbox 1663 655 1742 733; x_wconf 87' lang='lat' dir='ltr'>mali</span> 
     </span>
     <span class='ocr_line' id='line_1_3' title="bbox 467 756 1253 857; baseline 0.006 -31"><span class='ocrx_word' id='word_1_10' title='bbox 467 756 620 850; x_wconf 89' lang='lat' dir='ltr'>periculo</span> <span class='ocrx_word' id='word_1_11' title='bbox 636 756 778 855; x_wconf 82' lang='lat' dir='ltr'>attingi,</span> <span class='ocrx_word' id='word_1_12' title='bbox 801 758 879 857; x_wconf 83' lang='lat' dir='ltr'>legi,</span> <span class='ocrx_word' id='word_1_13' title='bbox 892 757 1094 855; x_wconf 74' lang='lat' dir='ltr'>traslarique</span> <span class='ocrx_word' id='word_1_14' title='bbox 1105 759 1253 856; x_wconf 73' lang='lat' dir='ltr'>possunt.</span> 
     </span>
    </p>

    <p class='ocr_par' dir='ltr' id='par_1_3' title="bbox 459 849 1742 2380">
     <span class='ocr_line' id='line_1_4' title="bbox 497 849 1742 953; baseline -0.001 -28"><span class='ocrx_word' id='word_1_15' title='bbox 497 859 635 953; x_wconf 33' lang='lat' dir='ltr'>,XXXL</span> <span class='ocrx_word' id='word_1_16' title='bbox 675 853 815 945; x_wconf 83' lang='lat' dir='ltr'>lusuper</span> <span class='ocrx_word' id='word_1_17' title='bbox 844 853 1055 927; x_wconf 89' lang='lat' dir='ltr'>decernimus</span> <span class='ocrx_word' id='word_1_18' title='bbox 1082 875 1122 926; x_wconf 90' lang='lat' dir='ltr'>ut</span> <span class='ocrx_word' id='word_1_19' title='bbox 1146 853 1293 928; x_wconf 82' lang='lat' dir='ltr'>univerfi</span> <span class='ocrx_word' id='word_1_20' title='bbox 1311 853 1348 928; x_wconf 70' lang='grc' dir='ltr'>ὅ(</span> <span class='ocrx_word' id='word_1_21' title='bbox 1369 849 1491 952; x_wconf 79' lang='lat' dir='ltr'>singuli</span> <span class='ocrx_word' id='word_1_22' title='bbox 1502 851 1742 948; x_wconf 83' lang='lat' dir='ltr'>cujuscunque</span> 
     </span>
     <span class='ocr_line' id='line_1_5' title="bbox 467 942 1741 1043; baseline -0.001 -27"><span class='ocrx_word' id='word_1_23' title='bbox 467 942 662 1042; x_wconf 70' lang='lat' dir='ltr'>dignitatis,</span> <span class='ocrx_word' id='word_1_24' title='bbox 684 950 825 1043; x_wconf 87' lang='lat' dir='ltr'>gradus,</span> <span class='ocrx_word' id='word_1_25' title='bbox 849 947 1007 1036; x_wconf 86' lang='lat' dir='ltr'>ordinis,</span> <span class='ocrx_word' id='word_1_26' title='bbox 1031 948 1236 1021; x_wconf 90' lang='lat' dir='ltr'>conditionis</span> <span class='ocrx_word' id='word_1_27' title='bbox 1257 947 1400 1029; x_wconf 89' lang='lat' dir='ltr'>suerint,</span> <span class='ocrx_word' id='word_1_28' title='bbox 1422 972 1461 1022; x_wconf 90' lang='lat' dir='ltr'>ac</span> <span class='ocrx_word' id='word_1_29' title='bbox 1477 943 1660 1041; x_wconf 81' lang='lat' dir='ltr'>praesertim</span> <span class='ocrx_word' id='word_1_30' title='bbox 1681 965 1741 1042; x_wconf 85' lang='lat' dir='ltr'>ge·</span> 
     </span>
     <span class='ocr_line' id='line_1_6' title="bbox 462 1037 1742 1140; baseline -0.003 -28"><span class='ocrx_word' id='word_1_31' title='bbox 462 1060 577 1113; x_wconf 81' lang='lat' dir='ltr'>rentes</span> <span class='ocrx_word' id='word_1_32' title='bbox 598 1065 653 1112; x_wconf 90' lang='lat' dir='ltr'>ma</span> <span class='ocrx_word' id='word_1_33' title='bbox 681 1045 836 1130; x_wconf 83' lang='lat' dir='ltr'>istratus,</span> <span class='ocrx_word' id='word_1_34' title='bbox 858 1041 895 1113; x_wconf 75' lang='grc' dir='ltr'>ὃ(</span> <span class='ocrx_word' id='word_1_35' title='bbox 920 1041 1090 1139; x_wconf 82' lang='lat' dir='ltr'>superiore</span> <span class='ocrx_word' id='word_1_36' title='bbox 1113 1044 1167 1115; x_wconf 87' lang='lat' dir='ltr'>vel</span> <span class='ocrx_word' id='word_1_37' title='bbox 1184 1043 1342 1117; x_wconf 84' lang='lat' dir='ltr'>inferiore</span> <span class='ocrx_word' id='word_1_38' title='bbox 1353 1039 1589 1140; x_wconf 71' lang='lat' dir='ltr'>jurisdislione</span> <span class='ocrx_word' id='word_1_39' title='bbox 1606 1037 1742 1128; x_wconf 91' lang='lat' dir='ltr'>armati,</span> 
     </span>
     <span class='ocr_line' id='line_1_7' title="bbox 463 1064 1740 1233; baseline -0.002 -27"><span class='ocrx_word' id='word_1_40' title='bbox 463 1132 528 1206; x_wconf 87' lang='lat' dir='ltr'>sub</span> <span class='ocrx_word' id='word_1_41' title='bbox 540 1064 728 1209; x_wconf 51' lang='lat' dir='ltr'>incursibus</span> <span class='ocrx_word' id='word_1_42' title='bbox 745 1159 858 1232; x_wconf 85' lang='lat' dir='ltr'>poenae</span> <span class='ocrx_word' id='word_1_43' title='bbox 871 1135 969 1231; x_wconf 83' lang='lat' dir='ltr'>supra</span> <span class='ocrx_word' id='word_1_44' title='bbox 985 1136 1165 1233; x_wconf 81' lang='lat' dir='ltr'>expressae,</span> <span class='ocrx_word' id='word_1_45' title='bbox 1185 1140 1219 1211; x_wconf 89' lang='lat' dir='ltr'>in</span> <span class='ocrx_word' id='word_1_46' title='bbox 1230 1163 1253 1210; x_wconf 93' lang='lat' dir='ltr'>o</span> <span class='ocrx_word' id='word_1_47' title='bbox 1290 1136 1391 1218; x_wconf 84' lang='lat' dir='ltr'>nibus</span> <span class='ocrx_word' id='word_1_48' title='bbox 1403 1138 1495 1211; x_wconf 89' lang='lat' dir='ltr'>sacro</span> <span class='ocrx_word' id='word_1_49' title='bbox 1506 1133 1650 1230; x_wconf 89' lang='lat' dir='ltr'>imperio</span> <span class='ocrx_word' id='word_1_50' title='bbox 1661 1130 1740 1204; x_wconf 92' lang='lat' dir='ltr'>sub·</span> 
     </span>
     <span class='ocr_line' id='line_1_8' title="bbox 459 1161 1740 1327; baseline -0.002 -27"><span class='ocrx_word' id='word_1_51' title='bbox 459 1227 780 1325; x_wconf 69' lang='lat' dir='ltr'>jectisdr&#39;riombus,</span> <span class='ocrx_word' id='word_1_52' title='bbox 805 1233 839 1302; x_wconf 91' lang='lat' dir='ltr'>in</span> <span class='ocrx_word' id='word_1_53' title='bbox 861 1230 984 1304; x_wconf 82' lang='lat' dir='ltr'>nostris</span> <span class='ocrx_word' id='word_1_54' title='bbox 1004 1236 1084 1305; x_wconf 89' lang='lat' dir='ltr'>item</span> <span class='ocrx_word' id='word_1_55' title='bbox 1102 1161 1320 1305; x_wconf 67' lang='lat' dir='ltr'>haereditaiiis</span> <span class='ocrx_word' id='word_1_56' title='bbox 1336 1230 1516 1305; x_wconf 89' lang='lat' dir='ltr'>ducatibus</span> <span class='ocrx_word' id='word_1_57' title='bbox 1527 1249 1630 1327; x_wconf 90' lang='lat' dir='ltr'>atque</span> <span class='ocrx_word' id='word_1_58' title='bbox 1641 1225 1740 1300; x_wconf 91' lang='lat' dir='ltr'>terri·</span> 
     </span>
     <span class='ocr_line' id='line_1_9' title="bbox 464 1323 1739 1422; baseline -0.002 -26"><span class='ocrx_word' id='word_1_59' title='bbox 464 1323 722 1409; x_wconf 76' lang='lat' dir='ltr'>torro,defacto</span> <span class='ocrx_word' id='word_1_60' title='bbox 740 1324 1164 1422; x_wconf 85' lang='lat' dir='ltr'>severeordinent,poenas</span> <span class='ocrx_word' id='word_1_61' title='bbox 1179 1328 1248 1400; x_wconf 91' lang='lat' dir='ltr'>irro</span> <span class='ocrx_word' id='word_1_62' title='bbox 1273 1348 1346 1415; x_wconf 87' lang='lat' dir='ltr'>ent,</span> <span class='ocrx_word' id='word_1_63' title='bbox 1368 1328 1413 1398; x_wconf 91' lang='lat' dir='ltr'>itn</span> <span class='ocrx_word' id='word_1_64' title='bbox 1460 1345 1532 1398; x_wconf 90' lang='lat' dir='ltr'>rent</span> <span class='ocrx_word' id='word_1_65' title='bbox 1546 1344 1739 1417; x_wconf 83' lang='lat' dir='ltr'>atquepro·</span> 
     </span>
     <span class='ocr_line' id='line_1_10' title="bbox 464 1349 1739 1520; baseline -0.001 -32"><span class='ocrx_word' id='word_1_66' title='bbox 464 1439 601 1520; x_wconf 83' lang='lat' dir='ltr'>curent,</span> <span class='ocrx_word' id='word_1_67' title='bbox 622 1443 850 1517; x_wconf 88' lang='lat' dir='ltr'>quoscunque</span> <span class='ocrx_word' id='word_1_68' title='bbox 864 1417 945 1492; x_wconf 87' lang='lat' dir='ltr'>tales</span> <span class='ocrx_word' id='word_1_69' title='bbox 961 1421 1166 1510; x_wconf 72' lang='lat' dir='ltr'>antedislos,</span> <span class='ocrx_word' id='word_1_70' title='bbox 1185 1349 1319 1494; x_wconf 53' lang='lat' dir='ltr'>Larini</span> <span class='ocrx_word' id='word_1_71' title='bbox 1331 1420 1408 1494; x_wconf 88' lang='lat' dir='ltr'>viru</span> <span class='ocrx_word' id='word_1_72' title='bbox 1423 1442 1515 1494; x_wconf 88' lang='lat' dir='ltr'>entas</span> <span class='ocrx_word' id='word_1_73' title='bbox 1528 1435 1739 1492; x_wconf 88' lang='lat' dir='ltr'>commenta·</span> 
     </span>
     <span class='ocr_line' id='line_1_11' title="bbox 465 1512 1739 1615; baseline -0.002 -31"><span class='ocrx_word' id='word_1_74' title='bbox 465 1530 595 1601; x_wconf 87' lang='lat' dir='ltr'>tiones,</span> <span class='ocrx_word' id='word_1_75' title='bbox 618 1515 750 1586; x_wconf 83' lang='lat' dir='ltr'>libellos</span> <span class='ocrx_word' id='word_1_76' title='bbox 771 1516 808 1587; x_wconf 62' lang='grc' dir='ltr'>ὃς</span> <span class='ocrx_word' id='word_1_77' title='bbox 831 1514 1104 1606; x_wconf 83' lang='lat' dir='ltr'>lucubrationes,</span> <span class='ocrx_word' id='word_1_78' title='bbox 1127 1515 1316 1615; x_wconf 86' lang='lat' dir='ltr'>ingentium</span> <span class='ocrx_word' id='word_1_79' title='bbox 1335 1514 1577 1600; x_wconf 85' lang='lat' dir='ltr'>tumultuum,</span> <span class='ocrx_word' id='word_1_80' title='bbox 1598 1512 1739 1607; x_wconf 86' lang='lat' dir='ltr'>damno·</span> 
     </span>
     <span class='ocr_line' id='line_1_12' title="bbox 465 1606 1740 1773; baseline 0 -96"><span class='ocrx_word' id='word_1_81' title='bbox 465 1628 567 1694; x_wconf 91' lang='lat' dir='ltr'>rum,</span> <span class='ocrx_word' id='word_1_82' title='bbox 593 1608 870 1703; x_wconf 81' lang='lat' dir='ltr'>disfipationum,</span> <span class='ocrx_word' id='word_1_83' title='bbox 903 1609 1081 1682; x_wconf 76' lang='lat' dir='ltr'>haeresum</span> <span class='ocrx_word' id='word_1_84' title='bbox 1107 1610 1143 1684; x_wconf 90' lang='lat' dir='ltr'>in</span> <span class='ocrx_word' id='word_1_85' title='bbox 1166 1611 1303 1683; x_wconf 84' lang='lat' dir='ltr'>ecclefia</span> <span class='ocrx_word' id='word_1_86' title='bbox 1328 1609 1394 1683; x_wconf 92' lang='lat' dir='ltr'>Dei</span> <span class='ocrx_word' id='word_1_87' title='bbox 1415 1606 1640 1695; x_wconf 86' lang='lat' dir='ltr'>administras,</span> <span class='ocrx_word' id='word_1_88' title='bbox 1662 1607 1740 1773; x_wconf 53' lang='lat' dir='ltr'>ique</span> 
     </span>
     <span class='ocr_line' id='line_1_13' title="bbox 466 1700 1736 1800; baseline 0.003 -30"><span class='ocrx_word' id='word_1_89' title='bbox 466 1700 687 1790; x_wconf 88' lang='lat' dir='ltr'>comburant,</span> <span class='ocrx_word' id='word_1_90' title='bbox 708 1705 745 1776; x_wconf 74' lang='grc' dir='ltr'>ὃ(</span> <span class='ocrx_word' id='word_1_91' title='bbox 764 1703 817 1775; x_wconf 90' lang='lat' dir='ltr'>his</span> <span class='ocrx_word' id='word_1_92' title='bbox 827 1704 969 1800; x_wconf 82' lang='lat' dir='ltr'>aliisque</span> <span class='ocrx_word' id='word_1_93' title='bbox 984 1704 1102 1777; x_wconf 88' lang='lat' dir='ltr'>mediis</span> <span class='ocrx_word' id='word_1_94' title='bbox 1118 1705 1274 1779; x_wconf 86' lang='lat' dir='ltr'>funditus</span> <span class='ocrx_word' id='word_1_95' title='bbox 1288 1703 1486 1793; x_wconf 88' lang='lat' dir='ltr'>abolendas,</span> <span class='ocrx_word' id='word_1_96' title='bbox 1509 1703 1663 1796; x_wconf 79' lang='lat' dir='ltr'>extirpari</span> <span class='ocrx_word' id='word_1_97' title='bbox 1688 1725 1736 1788; x_wconf 84' lang='lat' dir='ltr'>as,</span> 
     </span>
     <span class='ocr_line' id='line_1_14' title="bbox 460 1792 1736 1897; baseline -0.001 -31"><span class='ocrx_word' id='word_1_98' title='bbox 460 1795 504 1868; x_wconf 88' lang='lat' dir='ltr'>ad</span> <span class='ocrx_word' id='word_1_99' title='bbox 515 1799 733 1893; x_wconf 88' lang='lat' dir='ltr'>nihilumque</span> <span class='ocrx_word' id='word_1_100' title='bbox 744 1797 951 1896; x_wconf 84' lang='lat' dir='ltr'>redigendas.</span> <span class='ocrx_word' id='word_1_101' title='bbox 986 1799 1147 1873; x_wconf 86' lang='lat' dir='ltr'>Similiter</span> <span class='ocrx_word' id='word_1_102' title='bbox 1158 1799 1372 1874; x_wconf 71' lang='lat' dir='ltr'>beatitudinis</span> <span class='ocrx_word' id='word_1_103' title='bbox 1386 1797 1572 1897; x_wconf 85' lang='lat' dir='ltr'>pontificiae</span> <span class='ocrx_word' id='word_1_104' title='bbox 1583 1792 1736 1882; x_wconf 90' lang='lat' dir='ltr'>nunciis,</span> 
     </span>
     <span class='ocr_line' id='line_1_15' title="bbox 463 1886 1737 1989; baseline 0.002 -29"><span class='ocrx_word' id='word_1_105' title='bbox 463 1886 686 1989; x_wconf 90' lang='lat' dir='ltr'>ipsorumque</span> <span class='ocrx_word' id='word_1_106' title='bbox 701 1892 840 1966; x_wconf 75' lang='lat' dir='ltr'>detectis</span> <span class='ocrx_word' id='word_1_107' title='bbox 865 1893 1119 1985; x_wconf 81' lang='lat' dir='ltr'>commissariis,</span> <span class='ocrx_word' id='word_1_108' title='bbox 1141 1895 1175 1968; x_wconf 90' lang='lat' dir='ltr'>in</span> <span class='ocrx_word' id='word_1_109' title='bbox 1193 1895 1245 1968; x_wconf 90' lang='lat' dir='ltr'>his</span> <span class='ocrx_word' id='word_1_110' title='bbox 1268 1896 1309 1969; x_wconf 92' lang='lat' dir='ltr'>ad</span> <span class='ocrx_word' id='word_1_111' title='bbox 1326 1894 1465 1967; x_wconf 86' lang='lat' dir='ltr'>illorum</span> <span class='ocrx_word' id='word_1_112' title='bbox 1484 1890 1678 1989; x_wconf 87' lang='lat' dir='ltr'>petitionem</span> <span class='ocrx_word' id='word_1_113' title='bbox 1698 1889 1737 1962; x_wconf 74' lang='grc' dir='ltr'>ὃ(</span> 
     </span>
     <span class='ocr_line' id='line_1_16' title="bbox 465 1982 1736 2098; baseline 0 -43"><span class='ocrx_word' id='word_1_114' title='bbox 465 1987 716 2082; x_wconf 83' lang='lat' dir='ltr'>requifitionem</span> <span class='ocrx_word' id='word_1_115' title='bbox 734 1991 865 2061; x_wconf 86' lang='lat' dir='ltr'>summa</span> <span class='ocrx_word' id='word_1_116' title='bbox 882 1988 1059 2063; x_wconf 87' lang='lat' dir='ltr'>voluntate</span> <span class='ocrx_word' id='word_1_117' title='bbox 1079 2011 1183 2089; x_wconf 88' lang='lat' dir='ltr'>atque</span> <span class='ocrx_word' id='word_1_118' title='bbox 1197 1989 1468 2098; x_wconf 84' lang='lat' dir='ltr'>promptitudine</span> <span class='ocrx_word' id='word_1_119' title='bbox 1485 1986 1588 2060; x_wconf 90' lang='lat' dir='ltr'>animi</span> <span class='ocrx_word' id='word_1_120' title='bbox 1608 1982 1736 2072; x_wconf 83' lang='lat' dir='ltr'>adesse,</span> 
     </span>
     <span class='ocr_line' id='line_1_17' title="bbox 462 2079 1737 2184; baseline -0.001 -33"><span class='ocrx_word' id='word_1_121' title='bbox 462 2079 827 2179; x_wconf 88' lang='lat' dir='ltr'>obsequi,moremque</span> <span class='ocrx_word' id='word_1_122' title='bbox 838 2108 1015 2184; x_wconf 85' lang='lat' dir='ltr'>gerere,ac</span> <span class='ocrx_word' id='word_1_123' title='bbox 1026 2085 1248 2159; x_wconf 87' lang='lat' dir='ltr'>nihilominus</span> <span class='ocrx_word' id='word_1_124' title='bbox 1264 2085 1329 2160; x_wconf 87' lang='lat' dir='ltr'>illas</span> <span class='ocrx_word' id='word_1_125' title='bbox 1344 2081 1596 2159; x_wconf 85' lang='lat' dir='ltr'>assentientibus</span> <span class='ocrx_word' id='word_1_126' title='bbox 1607 2079 1649 2153; x_wconf 89' lang='lat' dir='ltr'>ad</span> <span class='ocrx_word' id='word_1_127' title='bbox 1661 2079 1737 2150; x_wconf 83' lang='lat' dir='ltr'>haec</span> 
     </span>
     <span class='ocr_line' id='line_1_18' title="bbox 464 2173 1737 2278; baseline -0.002 -30"><span class='ocrx_word' id='word_1_128' title='bbox 464 2178 667 2250; x_wconf 82' lang='lat' dir='ltr'>universa&amp;</span> <span class='ocrx_word' id='word_1_129' title='bbox 684 2177 1110 2278; x_wconf 84' lang='lat' dir='ltr'>lingulaadministranda,</span> <span class='ocrx_word' id='word_1_130' title='bbox 1131 2182 1348 2278; x_wconf 80' lang='lat' dir='ltr'>exequenda,</span> <span class='ocrx_word' id='word_1_131' title='bbox 1372 2178 1596 2278; x_wconf 84' lang='lat' dir='ltr'>perficienda,</span> <span class='ocrx_word' id='word_1_132' title='bbox 1619 2173 1737 2248; x_wconf 85' lang='lat' dir='ltr'>noslro</span> 
     </span>
     <span class='ocr_line' id='line_1_19' title="bbox 460 2270 1528 2380; baseline 0.005 -39"><span class='ocrx_word' id='word_1_133' title='bbox 460 2270 553 2366; x_wconf 76' lang='lat' dir='ltr'>juss‘u</span> <span class='ocrx_word' id='word_1_134' title='bbox 567 2274 793 2370; x_wconf 87' lang='lat' dir='ltr'>mandatoque</span> <span class='ocrx_word' id='word_1_135' title='bbox 806 2277 980 2362; x_wconf 81' lang='lat' dir='ltr'>accedere,</span> <span class='ocrx_word' id='word_1_136' title='bbox 1004 2297 1191 2380; x_wconf 78' lang='lat' dir='ltr'>operasque</span> <span class='ocrx_word' id='word_1_137' title='bbox 1202 2277 1355 2348; x_wconf 84' lang='lat' dir='ltr'>conferre</span> <span class='ocrx_word' id='word_1_138' title='bbox 1369 2275 1528 2348; x_wconf 81' lang='lat' dir='ltr'>debeatis.</span> 
     </span>
    </p>

    <p class='ocr_par' dir='ltr' id='par_1_4' title="bbox 456 2362 1735 3010">
     <span class='ocr_line' id='line_1_20' title="bbox 507 2362 1734 2466; baseline -0.008 -22"><span class='ocrx_word' id='word_1_139' title='bbox 507 2378 647 2447; x_wconf 81' lang='lat' dir='ltr'>XXXII.</span> <span class='ocrx_word' id='word_1_140' title='bbox 682 2370 818 2442; x_wconf 90' lang='lat' dir='ltr'>lnterim</span> <span class='ocrx_word' id='word_1_141' title='bbox 844 2392 985 2465; x_wconf 88' lang='lat' dir='ltr'>quoque</span> <span class='ocrx_word' id='word_1_142' title='bbox 1003 2371 1224 2466; x_wconf 79' lang='lat' dir='ltr'>praecipimus</span> <span class='ocrx_word' id='word_1_143' title='bbox 1234 2370 1398 2442; x_wconf 89' lang='lat' dir='ltr'>omnibus</span> <span class='ocrx_word' id='word_1_144' title='bbox 1406 2369 1503 2455; x_wconf 88' lang='lat' dir='ltr'>aliis,</span> <span class='ocrx_word' id='word_1_145' title='bbox 1524 2367 1560 2438; x_wconf 77' lang='lat' dir='ltr'>dt</span> <span class='ocrx_word' id='word_1_146' title='bbox 1575 2363 1656 2438; x_wconf 88' lang='lat' dir='ltr'>sacri</span> <span class='ocrx_word' id='word_1_147' title='bbox 1670 2362 1734 2435; x_wconf 91' lang='lat' dir='ltr'>im·</span> 
     </span>
     <span class='ocr_line' id='line_1_21' title="bbox 460 2455 1734 2558; baseline 0.004 -26"><span class='ocrx_word' id='word_1_148' title='bbox 460 2462 543 2558; x_wconf 85' lang='lat' dir='ltr'>petii</span> <span class='ocrx_word' id='word_1_149' title='bbox 556 2463 591 2537; x_wconf 86' lang='lat'>&amp;</span> <span class='ocrx_word' id='word_1_150' title='bbox 606 2461 796 2536; x_wconf 86' lang='lat' dir='ltr'>nostrarum</span> <span class='ocrx_word' id='word_1_151' title='bbox 810 2467 908 2537; x_wconf 88' lang='lat' dir='ltr'>etiarn</span> <span class='ocrx_word' id='word_1_152' title='bbox 926 2462 1210 2535; x_wconf 83' lang='lat' dir='ltr'>haereditariarum</span> <span class='ocrx_word' id='word_1_153' title='bbox 1223 2464 1394 2537; x_wconf 89' lang='lat' dir='ltr'>ditionum</span> <span class='ocrx_word' id='word_1_154' title='bbox 1407 2461 1565 2538; x_wconf 86' lang='lat' dir='ltr'>territorii</span> <span class='ocrx_word' id='word_1_155' title='bbox 1596 2484 1639 2532; x_wconf 93' lang='lat' dir='ltr'>ue</span> <span class='ocrx_word' id='word_1_156' title='bbox 1651 2455 1734 2537; x_wconf 67' lang='lat' dir='ltr'>sub?</span> 
     </span>
     <span class='ocr_line' id='line_1_22' title="bbox 459 2482 1735 2657; baseline -0.005 -28"><span class='ocrx_word' id='word_1_157' title='bbox 459 2554 558 2657; x_wconf 84' lang='lat' dir='ltr'>ditis,</span> <span class='ocrx_word' id='word_1_158' title='bbox 581 2583 620 2632; x_wconf 89' lang='lat' dir='ltr'>ac</span> <span class='ocrx_word' id='word_1_159' title='bbox 641 2555 803 2633; x_wconf 85' lang='lat' dir='ltr'>fidelibus</span> <span class='ocrx_word' id='word_1_160' title='bbox 828 2558 939 2631; x_wconf 88' lang='lat' dir='ltr'>severe</span> <span class='ocrx_word' id='word_1_161' title='bbox 966 2554 1192 2653; x_wconf 83' lang='lat' dir='ltr'>praesentibus</span> <span class='ocrx_word' id='word_1_162' title='bbox 1210 2555 1331 2647; x_wconf 89' lang='lat' dir='ltr'>literis,</span> <span class='ocrx_word' id='word_1_163' title='bbox 1352 2579 1392 2631; x_wconf 91' lang='lat' dir='ltr'>ut</span> <span class='ocrx_word' id='word_1_164' title='bbox 1412 2558 1446 2630; x_wconf 91' lang='lat' dir='ltr'>in</span> <span class='ocrx_word' id='word_1_165' title='bbox 1461 2482 1633 2653; x_wconf 69' lang='lat' dir='ltr'>praedidis</span> <span class='ocrx_word' id='word_1_166' title='bbox 1644 2550 1735 2626; x_wconf 89' lang='lat' dir='ltr'>ordi·</span> 
     </span>
     <span class='ocr_line' id='line_1_23' title="bbox 459 2648 1734 2753; baseline -0.005 -28"><span class='ocrx_word' id='word_1_167' title='bbox 459 2651 560 2727; x_wconf 88' lang='lat' dir='ltr'>nibus</span> <span class='ocrx_word' id='word_1_168' title='bbox 580 2653 903 2753; x_wconf 86' lang='lat' dir='ltr'>magistratibusque</span> <span class='ocrx_word' id='word_1_169' title='bbox 926 2651 1101 2726; x_wconf 90' lang='lat' dir='ltr'>conllituti</span> <span class='ocrx_word' id='word_1_170' title='bbox 1118 2652 1240 2748; x_wconf 88' lang='lat' dir='ltr'>pariter</span> <span class='ocrx_word' id='word_1_171' title='bbox 1265 2653 1433 2727; x_wconf 85' lang='lat' dir='ltr'>nobismet</span> <span class='ocrx_word' id='word_1_172' title='bbox 1451 2651 1528 2749; x_wconf 84' lang='lat' dir='ltr'>ipsis</span> <span class='ocrx_word' id='word_1_173' title='bbox 1544 2648 1734 2735; x_wconf 83' lang='lat' dir='ltr'>auxilium,</span> 
     </span>
     <span class='ocr_line' id='line_1_24' title="bbox 457 2746 1735 2848; baseline -0.002 -29"><span class='ocrx_word' id='word_1_174' title='bbox 457 2746 705 2846; x_wconf 82' lang='lat' dir='ltr'>obedientiam,</span> <span class='ocrx_word' id='word_1_175' title='bbox 724 2748 928 2822; x_wconf 83' lang='lat' dir='ltr'>alacritatem</span> <span class='ocrx_word' id='word_1_176' title='bbox 942 2746 1320 2848; x_wconf 84' lang='lat' dir='ltr'>promptitudinemque</span> <span class='ocrx_word' id='word_1_177' title='bbox 1332 2748 1507 2845; x_wconf 84' lang='lat' dir='ltr'>praellcnt,</span> <span class='ocrx_word' id='word_1_178' title='bbox 1518 2768 1558 2818; x_wconf 86' lang='lat' dir='ltr'>ac</span> <span class='ocrx_word' id='word_1_179' title='bbox 1570 2746 1735 2816; x_wconf 74' lang='lat' dir='ltr'>volumus</span> 
     </span>
     <span class='ocr_line' id='line_1_25' title="bbox 459 2835 1735 2951; baseline -0.004 -38"><span class='ocrx_word' id='word_1_180' title='bbox 459 2844 715 2951; x_wconf 71' lang='lat' dir='ltr'>transgressores</span> <span class='ocrx_word' id='word_1_181' title='bbox 733 2843 879 2940; x_wconf 86' lang='lat' dir='ltr'>praesatis</span> <span class='ocrx_word' id='word_1_182' title='bbox 894 2844 1022 2942; x_wconf 87' lang='lat' dir='ltr'>poenis,</span> <span class='ocrx_word' id='word_1_183' title='bbox 1044 2840 1278 2943; x_wconf 66' lang='lat' dir='ltr'>mutuisque,</span> <span class='ocrx_word' id='word_1_184' title='bbox 1299 2839 1643 2945; x_wconf 86' lang='lat' dir='ltr'>castigationibusque</span> <span class='ocrx_word' id='word_1_185' title='bbox 1654 2835 1735 2910; x_wconf 92' lang='lat' dir='ltr'>sub·</span> 
     </span>
     <span class='ocr_line' id='line_1_26' title="bbox 456 2961 581 3010; baseline -0.008 0"><span class='ocrx_word' id='word_1_186' title='bbox 456 2961 581 3010; x_wconf 76' lang='lat' dir='ltr'>acere.</span> 
     </span>
    </p>

    <p class='ocr_par' dir='ltr' id='par_1_5' title="bbox 450 2959 1737 3896">
     <span class='ocr_line' id='line_1_27' title="bbox 456 2959 1734 3136; baseline -0.012 -21"><span class='ocrx_word' id='word_1_187' title='bbox 456 2959 473 3033; x_wconf 84' lang='lat' dir='ltr'>J</span> <span class='ocrx_word' id='word_1_188' title='bbox 505 3047 597 3115; x_wconf 86' lang='lat' dir='ltr'>XXX</span> <span class='ocrx_word' id='word_1_189' title='bbox 604 3045 666 3116; x_wconf 86' lang='lat' dir='ltr'>lll.</span> <span class='ocrx_word' id='word_1_190' title='bbox 698 3032 793 3107; x_wconf 89' lang='lat' dir='ltr'>Cum</span> <span class='ocrx_word' id='word_1_191' title='bbox 814 3034 952 3110; x_wconf 89' lang='lat' dir='ltr'>evidens</span> <span class='ocrx_word' id='word_1_192' title='bbox 968 3032 1138 3109; x_wconf 86' lang='lat' dir='ltr'>necellitas</span> <span class='ocrx_word' id='word_1_193' title='bbox 1153 3031 1331 3136; x_wconf 83' lang='lat' dir='ltr'>efflagitet,</span> <span class='ocrx_word' id='word_1_194' title='bbox 1347 3032 1536 3133; x_wconf 67' lang='lat' dir='ltr'>prevenire</span> <span class='ocrx_word' id='word_1_195' title='bbox 1551 3052 1591 3103; x_wconf 89' lang='lat' dir='ltr'>ac</span> <span class='ocrx_word' id='word_1_196' title='bbox 1608 3044 1734 3124; x_wconf 80' lang='lat' dir='ltr'>praeca·-</span> 
     </span>
     <span class='ocr_line' id='line_1_28' title="bbox 453 3122 1735 3225; baseline -0.008 -23"><span class='ocrx_word' id='word_1_197' title='bbox 453 3151 555 3222; x_wconf 56' lang='grc' dir='ltr'>γῦπε,</span> <span class='ocrx_word' id='word_1_198' title='bbox 578 3157 620 3205; x_wconf 91' lang='lat' dir='ltr'>ne</span> <span class='ocrx_word' id='word_1_199' title='bbox 639 3128 715 3203; x_wconf 91' lang='lat' dir='ltr'>libri</span> <span class='ocrx_word' id='word_1_200' title='bbox 746 3133 907 3218; x_wconf 69' lang='lat' dir='ltr'>seiheri,</span> <span class='ocrx_word' id='word_1_201' title='bbox 928 3153 986 3204; x_wconf 87' lang='lat' dir='ltr'>aut</span> <span class='ocrx_word' id='word_1_202' title='bbox 1004 3130 1084 3205; x_wconf 89' lang='lat' dir='ltr'>hinc</span> <span class='ocrx_word' id='word_1_203' title='bbox 1099 3133 1186 3204; x_wconf 89' lang='lat' dir='ltr'>male</span> <span class='ocrx_word' id='word_1_204' title='bbox 1202 3149 1383 3225; x_wconf 85' lang='lat' dir='ltr'>excerpta,</span> <span class='ocrx_word' id='word_1_205' title='bbox 1408 3131 1462 3203; x_wconf 91' lang='lat' dir='ltr'>vel</span> <span class='ocrx_word' id='word_1_206' title='bbox 1481 3122 1654 3222; x_wconf 83' lang='lat' dir='ltr'>suppresso</span> <span class='ocrx_word' id='word_1_207' title='bbox 1671 3145 1735 3193; x_wconf 91' lang='lat' dir='ltr'>no·</span> 
     </span>
     <span class='ocr_line' id='line_1_29' title="bbox 453 3224 1737 3323; baseline -0.004 -28"><span class='ocrx_word' id='word_1_208' title='bbox 453 3226 550 3312; x_wconf 79' lang='lat' dir='ltr'>mine</span> <span class='ocrx_word' id='word_1_209' title='bbox 566 3224 716 3301; x_wconf 70' lang='lat' dir='ltr'>auctoris</span> <span class='ocrx_word' id='word_1_210' title='bbox 734 3226 843 3312; x_wconf 90' lang='lat' dir='ltr'>edita,</span> <span class='ocrx_word' id='word_1_211' title='bbox 873 3224 924 3297; x_wconf 90' lang='lat' dir='ltr'>vel</span> <span class='ocrx_word' id='word_1_212' title='bbox 944 3226 1089 3298; x_wconf 85' lang='lat' dir='ltr'>aliorum</span> <span class='ocrx_word' id='word_1_213' title='bbox 1113 3227 1243 3323; x_wconf 87' lang='lat' dir='ltr'>scriptis</span> <span class='ocrx_word' id='word_1_214' title='bbox 1256 3228 1449 3314; x_wconf 86' lang='lat' dir='ltr'>intertexta,</span> <span class='ocrx_word' id='word_1_215' title='bbox 1474 3238 1737 3311; x_wconf 82' lang='lat' dir='ltr'>ceterorumque</span> 
     </span>
     <span class='ocr_line' id='line_1_30' title="bbox 459 3313 1733 3417; baseline -0.005 -26"><span class='ocrx_word' id='word_1_216' title='bbox 459 3319 612 3392; x_wconf 83' lang='lat' dir='ltr'>e&#39;usdem</span> <span class='ocrx_word' id='word_1_217' title='bbox 632 3320 747 3391; x_wconf 84' lang='lat' dir='ltr'>farinae</span> <span class='ocrx_word' id='word_1_218' title='bbox 767 3318 985 3391; x_wconf 89' lang='lat' dir='ltr'>hominumn</span> <span class='ocrx_word' id='word_1_219' title='bbox 1013 3320 1143 3407; x_wconf 92' lang='lat' dir='ltr'>uscula,</span> <span class='ocrx_word' id='word_1_220' title='bbox 1167 3319 1280 3417; x_wconf 86' lang='lat' dir='ltr'>qualia</span> <span class='ocrx_word' id='word_1_221' title='bbox 1295 3342 1420 3417; x_wconf 85' lang='lat' dir='ltr'>magno</span> <span class='ocrx_word' id='word_1_222' title='bbox 1431 3341 1512 3392; x_wconf 90' lang='lat' dir='ltr'>curn</span> <span class='ocrx_word' id='word_1_223' title='bbox 1525 3313 1645 3390; x_wconf 91' lang='lat' dir='ltr'>dolore</span> <span class='ocrx_word' id='word_1_224' title='bbox 1660 3333 1733 3408; x_wconf 85' lang='lat' dir='ltr'>pas·</span> 
     </span>
     <span class='ocr_line' id='line_1_31' title="bbox 451 3405 1735 3511; baseline -0.002 -30"><span class='ocrx_word' id='word_1_225' title='bbox 451 3447 456 3459; x_wconf 90' lang='lat'><strong>·</strong></span> <span class='ocrx_word' id='word_1_226' title='bbox 486 3435 520 3481; x_wconf 89' lang='lat' dir='ltr'>tn</span> <span class='ocrx_word' id='word_1_227' title='bbox 534 3414 566 3485; x_wconf 89' lang='lat' dir='ltr'>in</span> <span class='ocrx_word' id='word_1_228' title='bbox 580 3413 767 3489; x_wconf 88' lang='lat' dir='ltr'>Germania</span> <span class='ocrx_word' id='word_1_229' title='bbox 779 3411 968 3507; x_wconf 87' lang='lat' dir='ltr'>conscripta</span> <span class='ocrx_word' id='word_1_230' title='bbox 1032 3412 1217 3509; x_wconf 87' lang='lat' dir='ltr'>publicata,</span> <span class='ocrx_word' id='word_1_231' title='bbox 1241 3413 1432 3511; x_wconf 80' lang='lat' dir='ltr'>perniciosis</span> <span class='ocrx_word' id='word_1_232' title='bbox 1444 3405 1663 3511; x_wconf 88' lang='lat' dir='ltr'>dogmatibus</span> <span class='ocrx_word' id='word_1_233' title='bbox 1674 3428 1735 3479; x_wconf 87' lang='lat' dir='ltr'>err·</span> 
     </span>
     <span class='ocr_line' id='line_1_32' title="bbox 450 3507 1735 3605; baseline -0.004 -26"><span class='ocrx_word' id='word_1_234' title='bbox 450 3508 647 3605; x_wconf 47' lang='lat' dir='ltr'>,emplisque</span> <span class='ocrx_word' id='word_1_235' title='bbox 666 3508 785 3581; x_wconf 84' lang='lat' dir='ltr'>referta</span> <span class='ocrx_word' id='word_1_236' title='bbox 805 3507 1047 3601; x_wconf 87' lang='lat' dir='ltr'>percepimus,</span> <span class='ocrx_word' id='word_1_237' title='bbox 1070 3509 1103 3579; x_wconf 93' lang='lat' dir='ltr'>in</span> <span class='ocrx_word' id='word_1_238' title='bbox 1123 3507 1296 3603; x_wconf 86' lang='lat' dir='ltr'>posterum</span> <span class='ocrx_word' id='word_1_239' title='bbox 1311 3528 1370 3581; x_wconf 92' lang='lat' dir='ltr'>aut</span> <span class='ocrx_word' id='word_1_240' title='bbox 1382 3524 1651 3601; x_wconf 85' lang='lat' dir='ltr'>componantur,</span> <span class='ocrx_word' id='word_1_241' title='bbox 1674 3518 1735 3574; x_wconf 90' lang='lat' dir='ltr'>aut</span> 
     </span>
     <span class='ocr_line' id='line_1_33' title="bbox 456 3596 1734 3700; baseline -0.005 -26"><span class='ocrx_word' id='word_1_242' title='bbox 456 3598 492 3674; x_wconf 88' lang='lat' dir='ltr'>in</span> <span class='ocrx_word' id='word_1_243' title='bbox 507 3602 634 3700; x_wconf 83' lang='lat' dir='ltr'>vulgus</span> <span class='ocrx_word' id='word_1_244' title='bbox 658 3601 877 3700; x_wconf 85' lang='lat' dir='ltr'>spargantur,</span> <span class='ocrx_word' id='word_1_245' title='bbox 895 3602 985 3674; x_wconf 87' lang='lat' dir='ltr'>unde</span> <span class='ocrx_word' id='word_1_246' title='bbox 1002 3604 1048 3699; x_wconf 88' lang='lat' dir='ltr'>pii</span> <span class='ocrx_word' id='word_1_247' title='bbox 1069 3601 1236 3696; x_wconf 83' lang='lat' dir='ltr'>simplices</span> <span class='ocrx_word' id='word_1_248' title='bbox 1260 3603 1386 3676; x_wconf 90' lang='lat' dir='ltr'>horum</span> <span class='ocrx_word' id='word_1_249' title='bbox 1405 3599 1552 3674; x_wconf 70' lang='lat' dir='ltr'>lectione</span> <span class='ocrx_word' id='word_1_250' title='bbox 1568 3596 1734 3681; x_wconf 81' lang='lat' dir='ltr'>fascinati,</span> 
     </span>
     <span class='ocr_line' id='line_1_34' title="bbox 455 3689 1736 3859; baseline -0.006 -87"><span class='ocrx_word' id='word_1_251' title='bbox 455 3720 588 3772; x_wconf 84' lang='lat' dir='ltr'>errores</span> <span class='ocrx_word' id='word_1_252' title='bbox 608 3697 641 3768; x_wconf 88' lang='lat' dir='ltr'>in</span> <span class='ocrx_word' id='word_1_253' title='bbox 664 3696 732 3769; x_wconf 88' lang='lat' dir='ltr'>fide</span> <span class='ocrx_word' id='word_1_254' title='bbox 748 3697 995 3792; x_wconf 86' lang='lat' dir='ltr'>comprobare,</span> <span class='ocrx_word' id='word_1_255' title='bbox 1017 3696 1224 3771; x_wconf 87' lang='lat' dir='ltr'>honestatem</span> <span class='ocrx_word' id='word_1_256' title='bbox 1245 3700 1326 3772; x_wconf 82' lang='lat' dir='ltr'>vitae</span> <span class='ocrx_word' id='word_1_257' title='bbox 1343 3689 1736 3859; x_wconf 66' lang='lat' dir='ltr'>morumquenegliqere</span> 
     </span>
     <span class='ocr_line' id='line_1_35' title="bbox 456 3786 1735 3896; baseline -0.005 -32"><span class='ocrx_word' id='word_1_258' title='bbox 456 3790 666 3887; x_wconf 84' lang='lat' dir='ltr'>inciperent:</span> <span class='ocrx_word' id='word_1_259' title='bbox 686 3816 771 3896; x_wconf 29' lang='lat' dir='ltr'>&#39;quae</span> <span class='ocrx_word' id='word_1_260' title='bbox 792 3814 844 3863; x_wconf 89' lang='lat' dir='ltr'>res</span> <span class='ocrx_word' id='word_1_261' title='bbox 869 3793 1104 3867; x_wconf 89' lang='lat' dir='ltr'>scandalorum</span> <span class='ocrx_word' id='word_1_262' title='bbox 1121 3793 1337 3869; x_wconf 85' lang='lat' dir='ltr'>acerbitatem</span> <span class='ocrx_word' id='word_1_263' title='bbox 1357 3793 1519 3866; x_wconf 92' lang='lat' dir='ltr'>odiorum</span> <span class='ocrx_word' id='word_1_264' title='bbox 1542 3790 1577 3863; x_wconf 93' lang='lat' dir='ltr'>in</span> <span class='ocrx_word' id='word_1_265' title='bbox 1597 3786 1735 3862; x_wconf 84' lang='lat' dir='ltr'>eccesia</span> 
     </span>
    </p>
   </div>
   <div class='ocr_carea' id='block_1_3' title="bbox 454 3870 1856 4180">
    <p class='ocr_par' dir='ltr' id='par_1_6' title="bbox 454 3870 1856 4180">
     <span class='ocr_line' id='line_1_36' title="bbox 455 3870 1734 4047; baseline -0.005 -87"><span class='ocrx_word' id='word_1_266' title='bbox 455 3909 518 3960; x_wconf 89' lang='lat' dir='ltr'>ceu</span> <span class='ocrx_word' id='word_1_267' title='bbox 541 3885 757 3960; x_wconf 87' lang='lat' dir='ltr'>seminarium</span> <span class='ocrx_word' id='word_1_268' title='bbox 772 3888 947 3982; x_wconf 85' lang='lat' dir='ltr'>quoddam</span> <span class='ocrx_word' id='word_1_269' title='bbox 966 3887 1095 3977; x_wconf 85' lang='lat' dir='ltr'>existit,</span> <span class='ocrx_word' id='word_1_270' title='bbox 1118 3870 1408 3985; x_wconf 81' lang='lat' dir='ltr'>quemadmodum</span> <span class='ocrx_word' id='word_1_271' title='bbox 1423 3883 1594 3991; x_wconf 70' lang='lat' dir='ltr'>bissenus</span> <span class='ocrx_word' id='word_1_272' title='bbox 1603 3881 1734 4047; x_wconf 57' lang='lat' dir='ltr'>perspi·</span> 
     </span>
     <span class='ocr_line' id='line_1_37' title="bbox 454 3979 1856 4180; baseline -0.003 -125"><span class='ocrx_word' id='word_1_273' title='bbox 454 4005 520 4057; x_wconf 87' lang='lat' dir='ltr'>cue</span> <span class='ocrx_word' id='word_1_274' title='bbox 536 3982 696 4075; x_wconf 83' lang='lat' dir='ltr'>vidimus,</span> <span class='ocrx_word' id='word_1_275' title='bbox 724 3979 819 4079; x_wconf 92' lang='lat' dir='ltr'>quod</span> <span class='ocrx_word' id='word_1_276' title='bbox 842 3982 948 4057; x_wconf 89' lang='lat' dir='ltr'>indies</span> <span class='ocrx_word' id='word_1_277' title='bbox 968 3983 1075 4153; x_wconf 45' lang='lat' dir='ltr'>magii?</span> <span class='ocrx_word' id='word_1_278' title='bbox 1092 3982 1270 4180; x_wconf 54' lang='lat' dir='ltr'>{mgisque</span> <span class='ocrx_word' id='word_1_279' title='bbox 1286 3983 1322 4058; x_wconf 89' lang='lat' dir='ltr'>in</span> <span class='ocrx_word' id='word_1_280' title='bbox 1336 3980 1500 4056; x_wconf 82' lang='lat' dir='ltr'>omnibus</span> <span class='ocrx_word' id='word_1_281' title='bbox 1515 4002 1643 4080; x_wconf 81' lang='lat' dir='ltr'>regnis,</span> <span class='ocrx_word' id='word_1_282' title='bbox 1655 3999 1734 4142; x_wconf 48' lang='lat' dir='ltr'>aqui:</span> <span class='ocrx_word' id='word_1_283' title='bbox 1854 4060 1856 4066; x_wconf 51' lang='grc'><strong>,</strong></span> 
     </span>
    </p>
   </div>
   <div class='ocr_carea' id='block_1_4' title="bbox 0 0 2226 5150">
    <p class='ocr_par' dir='ltr' id='par_1_7' title="bbox 0 0 2226 5150">
     <span class='ocr_line' id='line_1_38' title="bbox 0 0 2226 5150; baseline 0 1"><span class='ocrx_word' id='word_1_284' title='bbox 0 0 2226 5150; x_wconf 95' lang='lat' dir='ltr'> </span> 
     </span>
    </p>
   </div>
  </div>
 </body>
</html>
