4442 5150
754 641 1391 723 uunovuur
1656 632 1737 749 tn

422 783 509 856 tiam
538 779 580 853 δι’
596 777 818 877 prudentiam
838 781 874 851 in
892 779 1041 874 negotio
1059 796 1132 849 tarn
1150 776 1280 849 arduo:
1309 776 1444 873 Estque
1463 777 1555 852 inter
1571 779 1637 852 alia
1651 782 1728 874 ejus

421 879 612 951 confilium
639 879 676 948 in
702 879 821 949 eadem
843 877 892 968 (a)
919 873 1167 970 iltaAEpistola
1184 873 1323 970 prorsus
1342 877 1594 969 memorabsse,
1619 898 1727 976 atque

420 977 599 1073 dignum,
632 977 727 1084 quod
753 976 812 1047 hic
839 993 1061 1069 apponatur:
1090 1010 1173 1026 ···
1198 1011 1210 1025 ·
1246 1023 1272 1063 „
1290 971 1346 1042 Ut
1363 971 1518 1045 senatum
1538 976 1659 1066 adeas,
1680 999 1726 1051 nc

419 1124 447 1166 „
468 1075 543 1144 illic
566 1094 762 1142 orationem
782 1072 927 1159 habeas,
954 1066 1155 1140 Christo&
1174 1069 1233 1139 Te
1250 1071 1417 1162 dignam,
1443 1068 1569 1161 idest,
1596 1075 1739 1166 talem,-

420 1223 447 1263 „
467 1195 547 1265 quae
574 1171 653 1239 illos
680 1190 923 1263 compungere
950 1164 1073 1260 p'offit,
1107 1188 1180 1235 non
1206 1166 1410 1255 concitare,
1436 1189 1588 1262 quaeque
1606 1170 1725 1241 nullos

420 1319 448 1360 „
469 1265 701 1362 perstringat,
735 1289 807 1335 non
825 1265 937 1337 solum
958 1264 1122 1351 nomine,
1149 1260 1205 1332 sed
1226 1285 1290 1332 nec
1308 1263 1380 1332 ulla
1399 1261 1614 1354 suspicione:
1645 1265 1724 1336 Lu·

420 1415 448 1458 „
468 1367 651 1435 theranunr
680 1382 718 1433 te
744 1360 811 1433 effe
837 1381 967 1455 nege13
1003 1358 1060 1431 sed
1087 1358 1330 1430 Christianum
1348 1359 1415 1428 effe
1432 1357 1587 1450 adserat,
1613 1358 1724 1433 fidem

420 1513 449 1553 „
468 1459 621 1530 docendi
647 1457 816 1548 testetur,
849 1477 1011 1528 nontam
1032 1456 1128 1551 quod
1148 1456 1338 1525 Helvetius
1358 1454 1398 1526 fis
1417 1457 1453 1527 ὅ(
1471 1455 1729 1550 Lucernauus,

419 1609 446 1649 „
466 1556 523 1628 sed
551 1555 647 1649 quod
670 1578 851 1647 nunquam
871 1576 1041 1644 nusquam
1060 1576 1133 1621 non
1150 1552 1313 1622 docendo
1333 1549 1546 1625 fideliffitnus
1564 1574 1727 1650 repertus

419 1707 447 1747 „
469 1651 529 1743 fis,
565 1653 600 1722 id
629 1652 724 1746 quod
750 1675 848 1721 arnor
876 1651 912 1720 in
938 1651 997 1719 Te
1020 1647 1276 1743 discipulorum
1303 1668 1449 1721 tuorum
1469 1649 1637 1744 testetur,
1663 1653 1727 1748 qui

419 1795 447 1845 „
466 1750 658 1821 etiamnum
679 1748 803 1857 sponte
820 1745 877 1818 sua
893 1743 1029 1836 adsint,
1051 1744 1208 1816 senatum
1228 1748 1384 1837 oraturi,
1403 1771 1446 1818 ne
1464 1746 1497 1818 se
1510 1749 1584 1842 jam
1605 1750 1726 1823 initia·

284 1842 291 1846 ’
421 1866 524 1942 „tos
560 1844 668 1917 deseri
697 1864 886 1941 patrantur.
937 1843 1058 1952 Atque
1079 1865 1276 1950 puerorum
1305 1844 1364 1914 hic
1388 1868 1531 1915 manum
1559 1845 1725 1937 habebis,

422 1997 449 2038 „
495 1962 640 2014 uantum
670 1940 747 2013 fieri
774 1939 912 2035 potest,
946 1962 1159 2030 maximam,
1194 1936 1363 2034 equibus
1382 1939 1558 2036 intrepide
1575 1943 1726 2016 verbum
1805 2024 1807 2028 ,
1859 2018 1861 2021 ,

421 1967 596 2135 „iacun
631 2039 719 2111 civis
746 2039 907 2135 elegans,
943 2035 1092 2128 doetus,
1118 2035 1307 2129 cordatus,
1333 2038 1440 2109 breve
1458 2059 1597 2130 tamen,
1625 2042 1728 2138 quate
1810 2036 1813 2041 ’

419 2191 447 2233 „
467 2160 569 2209 tuum
587 2160 729 2232 quoque
747 2137 835 2206 erit:
863 2135 1084 2224 orationem,
1110 2135 1277 2228 inquam,
1303 2134 1451 2227 habeat,
1469 2135 1540 2228 qud
1560 2136 1595 2209 &
1614 2137 1728 2233 quad-¹

419 2289 448 2330 „
467 2255 543 2307 tum
570 2234 650 2306 urbi
676 2231 866 2329 aliquando
893 2230 1072 2327 profuturi
1101 2228 1199 2319 stur,
1242 2233 1352 2302 modo
1380 2233 1439 2303 Te
1463 2232 1591 2304 ducem
1619 2235 1729 2308 habe·.

419 2386 446 2428 „
465 2352 545 2425 ant,
571 2332 741 2421 testetur,
768 2330 804 2402 ὅ(
824 2350 993 2424 quantum
1011 2324 1153 2400 defidiae
1171 2327 1289 2397 daturi
1309 2328 1397 2417 siut,
1429 2326 1507 2399 fite
1527 2332 1725 2425 priventur.

419 2484 446 2525 „
466 2468 617 2484 ······
646 2429 814 2500 Lucerna
840 2449 913 2497 non
937 2424 1011 2515 est,
1043 2421 1106 2494 nisr
1127 2421 1264 2494 summo
1284 2423 1445 2516 periculo
1464 2444 1639 2523 cogente,
1665 2430 1730 2501 de·⁸

422 2583 450 2623 „
470 2525 630 2599 serendo:
663 2524 732 2595 Fer
750 2524 914 2609 interim,
940 2545 980 2593 ac
1002 2518 1025 2590 Γ]
1046 2519 1080 2590 id
1100 2518 1232 2608 nescis,
1258 2519 1351 2592 disce
1369 2520 1527 2594 ferendo.
1568 2524 1654 2599 Scio
1674 2514 1729 2600 'tae

419 2680 449 2719 „
468 2646 549 2693 men
577 2641 612 2692 te
639 2618 746 2711 scire,
781 2646 821 2692 ac
849 2618 914 2692 nisr
942 2641 999 2690 rne
1024 2614 1116 2689 fallit
1143 2617 1290 2711 opinio,
1316 2616 1461 2689 ferendo
1479 2620 1624 2695 docebis
1642 2624 1731 2697 alios

423 2775 450 2819 „
471 2716 658 2813 aliquando
679 2738 741 2788 tuo
760 2721 866 2789 etiam
887 2712 1066 2809 exemplo.
1096 2714 1222 2805 Adue,
1249 2712 1345 2805 quod
1363 2716 1553 2804 Xyloteeius
1569 2718 1730 2790 deseren-

424 2873 451 2913 „
469 2817 534 2888 dus
557 2840 628 2886 non
648 2814 708 2886 est.
752 2817 874 2907 Jodoco
892 2807 980 2885 veto
999 2811 1146 2904 perierit
1164 2810 1351 2882 dimidium
1370 2810 1507 2901 solarii,
1532 2814 1594 2905 qui
1611 2835 1730 2886 tamen

421 2970 448 3012 „
467 2938 590 2987 omnes
618 2912 720 2985 simul
744 2909 879 2985 Christi
892 2913 1025 3009 jugum
1045 2907 1147 2981 suave
1164 2905 1231 2981 effe
1250 2906 1455 3001 docebunt,
1481 2932 1564 2982 cum
1583 2910 1730 2985 dabitur

424 3011 671 3111 „oceafio.„

470 3109 660 3209 Qudquid
690 3107 763 3198 fit,
807 3106 968 3179 Eventus
993 3106 1150 3197 docuit,
1192 3129 1296 3201 quarn
1322 3128 1394 3179 non
1421 3106 1516 3203 apud
1539 3108 1730 3186 Lucerum·

414 3210 498 3306 ses,
540 3209 595 3281 sed
632 3210 667 3281 δε
700 3203 793 3300 apud
823 3202 993 3301 digerrinos
1019 3200 1130 3302 porri>
1156 3227 1271 3300 arque.
1288 3206 1516 3301 Bafileenses,
1559 3207 1731 3302 Myconii

424 3306 535 3396 operit
562 3307 660 3377 Deus
687 3307 742 3373 uti
770 3300 952 3386 voluerit·,
986 3302 1019 3373 Is
1045 3305 1138 3373 enirn
1165 3304 1319 3375 Lucernd
1346 3307 1392 3374 Α.
1415 3324 1518 3398 ¹523·
1551 3301 1731 3394 reversuS,

426 3402 591 3494 Tigurinae
616 3401 747 3475 scnorae
775 3395 894 3472 denuo
921 3395 1188 3569 praeficgebotur
1207 3396 1286 3493 (b),
1319 3400 1356 3469 in
1374 3398 1541 3469 omnibus
1558 3394 1732 3560 Hrgdrici

1086 3517 1112 3590 g
1639 3513 1732 3565 Wlns

470 3680 519 3760 (a)
544 3679 624 3760 apud
641 3679 888 3750 HOTTING.
913 3685 935 3746 1.
952 3702 981 3747 c.
1005 3701 1034 3764 p.
1055 3698 1125 3763 349.
1258 3721 1261 3726 ·

468 3781 519 3859 (b)
544 3778 608 3841 vid.
628 3778 848 3847 ZWINGL.
872 3780 967 3864 Epist.
992 3800 1088 3863 quun
1106 3779 1144 3844 ad
1162 3778 1262 3863 ipsum
1282 3778 1382 3860 dedit,
1405 3793 1442 3842 ut
1457 3796 1532 3843 eum
1547 3779 1585 3844 ad
1602 3778 1732 3867 Tiguri-

425 3882 483 3930 nos
509 3864 670 3925 reduceret
694 3865 774 3945 apud
798 3864 952 3930 HOTT.
978 3868 999 3927 Ι.
1017 3886 1045 3929 c.
1071 3887 1099 3948 p.
1120 3881 1191 3945 354.
1224 3862 1275 3926 ubi
1293 3863 1370 3925 inter
1386 3865 1460 3945 alio,
1491 3863 1730 3954 „·Versaberis,

426 3996 448 4028 „
472 3947 595 4022 scribit,
625 3946 702 4008 inter
719 3944 813 4011 Tuos
830 3946 1011 4034 Utingeros,
1035 3944 1264 4033 Engelhardos,
1288 3945 1438 4031 Rhegiot,
1461 3947 1667 4015 festiviffimos
1685 3951 1731 4014 se·

427 4079 447 4114 „
471 4052 536 4097 nes.
579 4030 662 4094 Inter
685 4025 849 4112 Erasmus,
880 4029 1070 4119 Zwinglios,
1093 4028 1298 4173 Meffandros,
1323 4030 1406 4097 viros
1429 4031 1561 4118 minime
1579 4035 1732 4115 poettiten·

427 4162 449 4194 „
473 4117 541 4179 dos.
584 4116 666 4178 luter
690 4112 863 4195 Grebelios,
893 4115 1044 4198 Amanus,
1075 4113 1141 4176 Bin
1163 4135 1227 4175 eros
1244 4111 1470 4181 candidiffimo's
1488 4114 1518 4178 ἃ
1536 4114 1747 4183 όοᾶῑίῇιῃος’

428 4244 450 4275 ,‚
473 4200 695 4264 adolescentes.
736 4196 847 4261 Aderit
870 4199 961 4261 eriam
986 4201 1110 4263 tandem
1133 4197 1292 4263 immensis
1307 4200 1366 4264 istis
1383 4202 1498 4267 viribus
1515 4199 1575 4265 suis
1591 4202 1754 4288 regiones

428 4326 450 4363 ,‚
470 4301 507 4347 ae
519 4282 670 4363 justitiam
687 4281 786 4349 fitieus
803 4279 887 4361 Leo,
911 4279 1044 4348 Teucro
1059 4281 1180 4368 minor,
1203 4280 1256 4350 sed
1273 4282 1510 4369 Ajneefortior.
1528 4282 1588 4349 dte.
