4442 5150
463 627 534 695 206
651 609 1035 692 HISTORIA
1076 606 1522 687 EVANGELII
1596 609 1765 713 Anu&

463 794 490 842 ‚,
509 747 652 845 Mtffam
670 765 814 845 oportere
830 771 870 818 ac
886 746 1087 827 intermitti,
1105 739 1763 840 donecadoersariidentrntirenteffem-

460 893 487 938 „
506 863 577 916 tam
589 848 661 916 Deo
674 863 809 939 gratem
827 844 926 934 (a).„
955 838 1038 908 lloc
1053 839 1248 908 Decretum
1261 839 1296 908 ὅ(
1309 840 1345 907 iu
1363 839 1451 910 urbe
1468 863 1509 911 ac
1526 838 1634 932 soris,
1653 842 1763 938 quint

462 935 536 1011 late
555 962 653 1036 patet
672 939 825 1035 ipsorum
842 933 1064 1033 jurisdislio,
1085 933 1241 1027 Senatus
1249 934 1364 1004 valere
1377 935 1483 1030 jubet
1500 955 1605 1032 atque
1622 937 1766 1034 servari,

463 1037 500 1109 &
520 1060 583 1145 per
599 1039 713 1109 literas
733 1033 859 1104 deinde
878 1034 1068 1112 certiorem
1089 1029 1175 1099 facit
1195 1028 1435 1124 Episcopum:
1464 1034 1618 1126 quinon
1633 1035 1767 1134 abique

488 1153 600 1203 emrtu
627 1125 857 1226 maximoque
882 1129 1007 1198 dolore
1034 1123 1067 1197 se
1093 1124 1182 1195 illud
1210 1125 1403 1218 accepisse,
1429 1129 1466 1201 &
1486 1129 1571 1224 cogi
1591 1134 1768 1226 patienter

460 1152 576 1319 arte,
602 1232 638 1301 &
658 1228 755 1321 quod
774 1226 824 1298 sui
844 1223 886 1296 sit
905 1227 940 1294 in
957 1247 1001 1293 eo
1019 1221 1195 1312 muneris,
1221 1219 1397 1294 sessurum
1416 1221 1450 1295 se
1467 1222 1640 1300 rescribit.
1761 1290 1764 1296 .

508 1335 540 1408 ς.
560 1324 771 1397 LXXX'll.
797 1323 840 1394 ln
868 1312 1183 1391 ORlENTrlLl
1207 1318 1382 1390 FRlSlA
1399 1341 1521 1391 amoto
1535 1339 1614 1393 tum
1634 1325 1766 1420 quietis

459 1418 496 1493 ἃ
507 1422 713 1493 concordiae
723 1416 869 1490 custode
880 1414 1168 1504 EDZARDO,
1188 1415 1446 1511 principem
1459 1413 1656 1513 sapientiae,
1671 1445 1763 1494 con·

460 1518 614 1612 tagionis
632 1516 764 1612 aliquid
784 1508 1051 1610 pestilentissimi
1067 1507 1216 1603 dissidii,
1240 1520 1322 1607 quae
1337 1511 1568 1587 Germanicas
1586 1514 1765 1594 Ecclefias

458 1635 503 1684 eo
522 1636 683 1709 tempore
692 1610 849 1700 afflixit,
866 1607 928 1681 sub
947 1632 1044 1678 novo
1061 1607 1213 1701 imperio
1231 1606 1455 1699 successoris,
1474 1610 1591 1684 adhuc
1605 1633 1786 1709 peraeta.

459 1728 531 1780 tem
543 1701 1270 1806 incauti,quiannumalnatalivicefimum
1282 1706 1428 1776 tertium
1438 1708 1767 1802 agebat‚&natura

457 1803 570 1878 facilis
588 1828 662 1879 erat
680 1831 721 1878 ae
740 1803 904 1894 mobilis,
926 1798 1086 1872 affricare
1104 1799 1274 1872 Ecclefiis
1294 1800 1421 1873 horum
1441 1803 1605 1877 locorum
1620 1806 1766 1882 Satanas

459 1924 607 1974 conatus
633 1902 695 1975 est.
738 1901 862 1974 Vicini
885 1901 1019 1993 quippe
1037 1896 1323 1968 Lutheranarum
1347 1901 1499 1991 partium
1519 1900 1575 1994 (b)
1602 1905 1765 1980 homines

459 1997 664 2092 praefervidi
692 1999 728 2070 &
756 1993 993 2084 contentiosi,
1027 1993 1187 2065 videntes
1207 1993 1383 2066 Ecclesiae
1401 1995 1571 2068 nostrates
1589 2002 1763 2096 tranquil·

458 2093 506 2163 las
534 2096 571 2167 ὅ(
598 2093 817 2183 concordes,
851 2115 917 2164 nec
943 2092 1168 2186 ignorantes,
1202 2087 1399 2163 dosirinam
1426 2092 1486 2164 hie
1504 2094 1627 2190 vigere
1643 2097 1763 2193 palato

457 2187 520 2261 suo
546 2214 617 2262 non
646 2193 868 2284 placentem,
903 2185 1000 2283 tegre
1020 2184 1055 2256 id
1075 2182 1186 2276 ferre,
1214 2187 1250 2260 &
1263 2187 1401 2260 'blande
1420 2186 1577 2284 primitur
1593 2213 1649 2264 eas
1665 2191 1763 2267 solli·

456 2287 587 2376 citare,
606 2287 687 2358 dein
706 2310 788 2358 cum
804 2284 852 2358 stc
871 2284 958 2357 nihil
977 2281 1217 2378 proficerent,
1236 2285 1418 2375 allatrare,
1437 2281 1582 2360 dentiam
1600 2312 1684 2362 cum
1704 2310 1764 2365 to·

456 2400 497 2454 to
522 2383 694 2457 doslrinae
713 2406 842 2480 genere
858 2379 1074 2455 acerbiffime
1093 2381 1287 2452 traducere.
1331 2382 1371 2453 N
1376 2405 1430 2453 am
1450 2381 1614 2456 Verbum
1633 2387 1764 2464 Dei&

315 2545 319 2550 .
458 2479 685 2552 Sacramenta
710 2481 795 2552 vilia
822 2482 859 2552 &
887 2479 988 2551 nullo
1016 2479 1099 2549 loco
1125 2475 1168 2548 ab
1194 2478 1247 2549 his
1274 2477 1416 2568 haberi,
1442 2480 1661 2557 clamabant:
1695 2483 1763 2583 ipfi

456 2573 546 2649 vero
571 2582 753 2676 insperante
779 2576 933 2650 Lutheri
951 2576 1166 2667 urebantur,
1193 2574 1230 2648 δι
1249 2573 1455 2650 insistebant
1472 2577 1764 2677 supramodum,

455 2696 582 2771 easque
609 2699 676 2771 pro
702 2674 936 2749 vehementia’
951 2695 1013 2747 aut
1032 2672 1210 2769 imperitia
1228 2669 1285 2744 sua
1301 2671 1479 2748 faciebant
1498 2676 1590 2772 saepe
1607 2678 1766 2753 deterio·.

456 2794 531 2864 res,
557 2771 657 2845 verbi
678 2773 714 2846 &
734 2773 1041 2846 Sacramentorum
1060 2773 1133 2841 vim
1154 2771 1190 2840 in
1209 2769 1271 2841 usu
1290 2790 1441 2843 externo
1457 2772 1560 2868 supra
1577 2776 1764 2851 verumes·

455 2867 636 2962 ferebant,
670 2870 882 2965 pixidiculas
908 2893 950 2941 ea
974 2868 1090 2939 omnis
1115 2867 1241 2961 gratiae
1259 2867 1390 2936 divinae
1409 2872 1637 2941 vocitabant:
1664 2872 1765 2944 deni·

481 2989 524 3036 ue
543 2968 593 3035 ita
610 2966 645 3036 lo
672 2964 867 3055 nebantur‚
893 2983 934 3034 ut
951 2981 1137 3055 operatum
1156 2983 1247 3054 opus
1266 2983 1483 3054 paganorum
1503 2963 1539 3033 in
1556 2960 1693 3035 scenam
1708 2990 1763 3038 re·

455 2989 586 3129 iucere
612 2988 705 3129 velle
726 3058 942 3128 viderentur.
989 3057 1038 3126 Et
1057 3053 1260 3147 supererant
1281 3058 1332 3125 his
1351 3057 1440 3127 locis
1460 3059 1621 3130 homines
1637 3062 1763 3156 Papis-

456 3176 518 3224 mo
537 3152 653 3223 adhuc
673 3149 807 3243 dediti,
834 3151 963 3249 quibus
980 3150 1044 3222 ista
1062 3172 1134 3220 non
1153 3173 1276 3245 parum
1297 3153 1497 3247 placebant.
1539 3154 1625 3229 Nec
1643 3156 1764 3233 deerat

1716 3279 1763 3331 CX

496 3396 545 3477 (a)
571 3392 651 3458 Hac
676 3391 783 3457 omnia
807 3391 939 3458 breviter
964 3391 994 3458 ἀ
1018 3388 1151 3457 nervose
1176 3390 1192 3456 :l
1217 3388 1469 3459 SLElDANO
1487 3392 1763 3479 Argentinenlium

453 3490 559 3543 terum
584 3474 694 3542 intime
719 3473 848 3541 conscio
871 3492 1049 3542 enarrantur
1074 3477 1095 3537 1.
1112 3497 1142 3541 c·
1183 3474 1344 3543 Ceterum
1368 3477 1410 3542 eli
1435 3480 1590 3557 notabile,
1613 3486 1701 3565 quod
1718 3486 1763 3551 his

455 3561 462 3576 ‘
486 3562 520 3624 fis
538 3562 652 3626 decreti
669 3560 769 3627 verbis
785 3575 855 3625 tunt
871 3579 927 3645 pto
939 3560 1085 3642 temporis
1095 3560 1211 3624 ratione
1220 3563 1258 3625 ita
1266 3563 1443 3644 conceptis,
1458 3566 1764 3710 anteppinquaginta‘

504 3645 593 3726 qnod
610 3644 760 3728 superest,
777 3664 876 3709 annos
893 3644 1015 3711 innixus
1031 3645 1161 3726 quidam
1179 3643 1294 3723 Jesuita
1311 3646 1446 3724 Gallus,
1468 3645 1524 3727 Jo.
1577 3653 1762 3731 ezius,.vo·

454 3728 545 3791 luerit
563 3724 725 3806 evincere,
742 3748 828 3793 nune
845 3728 978 3795 demum
994 3728 1117 3793 sublato
1133 3728 1193 3793 illo
1209 3728 1337 3792 decrero
1353 3729 1669 3811 publicaaucloritate
1680 3736 1765 3801 resti·

453 3809 498 3876 tui
514 3812 551 3873 ab
571 3808 845 3892 Argentinenfibus
862 3810 972 3877 debere
988 3810 1140 3891 Missam,
1163 3812 1314 3893 quoniam
1332 3810 1394 3893 ipse
1409 3813 1493 3877 edito
1511 3816 1621 3880 libello
1637 3819 1676 3881 de
1690 3840 1781 3891 reus

450 3892 547 3957 nione
564 3888 805 3958 Protellantium
821 3895 904 3961 hunc
921 3899 1048 3961 cultum
1058 3893 1134 3960 Deo
1150 3894 1351 3978 gratumesle
1366 3895 1431 3991 poll
1445 3900 1764 3983 centum&quinqu·

451 3976 553 4073 aginta
574 3993 690 4053 annos,
723 3975 995 4060 demonstraverit,
1025 3998 1102 4045 cum
1126 3993 1231 4041 tamen
1252 3978 1326 4042 nihil
1343 3980 1444 4062 dicat,
1468 3982 1522 4046 nifi
1539 3984 1629 4065 quod
1644 3983 1761 4047 millies

347 4118 351 4127 .
452 4056 575 4123 dicium
588 4058 654 4139 jam
673 4056 714 4121 est
727 4058 757 4123 ἃ
771 4058 950 4127 refutatum.
975 4060 1038 4125 vid.
1057 4057 1294 4126 SECKEND.
1313 4060 1383 4127 Lib.
1396 4064 1440 4128 ll.
1457 4065 1487 4145 s.
1498 4063 1540 4131 L.
1558 4085 1589 4130 u.
1602 4085 1629 4128 ι.
1646 4084 1676 4147 p.
1690 4083 1763 4146 ¹44³

493 4144 553 4230 (b),
570 4142 634 4207 vid.
658 4139 734 4206 Uib.
753 4139 882 4209 ΕΜΜ.
907 4144 980 4213 Lib.
998 4143 1093 4216 htv.
1117 4164 1148 4230 p.
1165 4141 1238 4227 846.
1260 4146 1300 4212 ad
1317 4146 1361 4213 A.
1374 4146 1465 4229 1528.
1489 4148 1582 4231 cujus
1599 4147 1692 4215 verba
1708 4168 1762 4234 per
1800 4138 1805 4145 ’

452 4238 552 4293 totam
568 4225 646 4295 hanc
664 4226 694 4312 s.
712 4226 784 4296 sunt
798 4227 939 4302 adhibita.
1152 4269 1158 4279 ·
