4442 5150
504 669 572 733 ιρι
678 605 1555 716 ‚iiisrottiniiusitennii
1640 638 1876 743 A·1527··

499 775 618 851 versus
637 796 867 870 quoscunque
886 773 1033 868 puritati
1049 773 1126 864 ejus
1142 769 1305 843 adversos
1323 769 1542 864 defenderit,
1560 793 1607 843 ex
1620 795 1730 869 quam
1742 771 1809 849 'va-

501 876 562 947 riis
581 870 754 966 Ztuinglii
775 872 815 942 nd
835 893 918 940 euni
936 868 1124 964 colligitur
1143 867 1336 964 Epistolis,
1362 892 1443 965 quae
1462 870 1498 940 in
1516 869 1700 944 uolumine
1718 873 1810 969 Epi·

501 968 667 1041 stolarum
696 967 871 1063 Zwinglii
900 967 936 1038 ὅ(
956 965 1232 1060 Oecolampadii
1251 964 1420 1060 leguntur
1430 997 1442 1051 3
1476 965 1545 1047 Uti
1566 965 1614 1039 sic
1632 969 1727 1043 inter
1745 973 1812 1044 alii

502 1067 547 1139 de
564 1065 731 1138 molestiis
750 1064 823 1155 (a),
848 1084 929 1158 quae
948 1063 1042 1155 apud
1061 1060 1247 1135 Ulmenses
1265 1061 1520 1134 suscitabantur
1537 1086 1601 1159 per
1610 1065 1812 1164 Anabapti·

501 1162 589 1236 stas:
615 1213 642 1253 „
663 1162 776 1234 Dolet
795 1161 885 1230 milii
903 1157 1024 1232 fideles
1044 1157 1331 1255 &Catabaptistis
1348 1157 1416 1231 elle
1434 1159 1617 1252 teduuos,
1636 1162 1695 1236 sed
1712 1165 1812 1240 bono

499 1313 526 1356 „
545 1261 662 1332 animo
680 1257 775 1332 esto:
802 1254 993 1349 redibunt,
1020 1254 1044 1327 fi
1064 1254 1161 1329 redte
1180 1253 1387 1328 tradentur.
1414 1257 1455 1328 N
1458 1282 1513 1330 ain
1532 1259 1628 1352 apud
1641 1285 1706 1334 nos
1716 1264 1811 1336 mul-

489 1382 529 1453 ¹„
549 1358 601 1449 ti,
634 1379 717 1428 cuin
745 1376 805 1426 eos
824 1353 1018 1443 audissent,
1043 1355 1137 1425 inter
1153 1355 1254 1425 initia
1272 1352 1435 1425 nonnihil
1456 1356 1700 1450 patiebantur:
1728 1384 1811 1434 nain

501 1507 528 1548 „
550 1456 586 1528 ἃ
608 1455 782 1550 plurimos
802 1451 838 1523 in
856 1447 1114 1527 acerbissimum
1134 1452 1256 1522 odium
1274 1448 1385 1522 nostri
1404 1471 1582 1525 traxerant
1593 1453 1811 1551 mendaciis,
1922 1517 1929 1525 ,

499 1603 527 1647 „
546 1549 859 1646 quiritationibus,
886 1535 923 1622 ἃ
942 1571 1023 1645 quae
1041 1568 1122 1620 ante
1139 1571 1263 1621 omnes
1280 1547 1329 1619 eis
1347 1545 1398 1618 est
1415 1549 1595 1644 propitia,
1612 1550 1812 1649 hypocrifi.

499 1650 630 1744 „Nos
654 1669 771 1720 autem
800 1668 884 1718 cum
910 1642 1201 1729 veritatisseuto
1228 1641 1345 1735 teeti,
1385 1669 1508 1719 omnes
1533 1644 1692 1743 ipsorum
1720 1649 1812 1728 idlus
1937 1720 1942 1724 ,

378 1816 383 1825 ,
498 1743 751 1840 „constanter
774 1763 835 1815 aut
858 1743 1103 1839 exciperemus
1122 1761 1185 1815 aut
1202 1742 1434 1835 elideremus,
1460 1743 1604 1818 tandem
1622 1752 1813 1844 apparuit,
1853 1804 1857 1808 -

499 1844 687 1937 „ubinam
716 1865 776 1915 eos
803 1839 944 1912 calceus
961 1859 1119 1936 urgeret.
1162 1840 1315 1912 Errones
1334 1837 1433 1913 sunt:
1462 1840 1711 1939 mulierculas,
1737 1849 1813 1922 imo

499 1993 527 2035 „
545 1942 640 2012 viros
658 1959 802 2035 quoque
821 1938 1133 2029 circumveniunt,
1159 1957 1222 2030 ut,
1273 1937 1421 2032 uicquid
1440 1937 1687 2013 abstrufillime
1705 1966 1814 2041 repo·

499 2075 526 2132 ,1,
545 2036 699 2126 suerint,
734 2036 957 2130 depromant.
1000 2035 1102 2106 Hine
1130 2033 1198 2106 illis
1224 1960 1313 2105 nillil
1332 2034 1450 2127 deest,
1475 2038 1537 2133 qui
1555 2035 1729 2134 nusquilm
1747 2042 1812 2115 diu

465 2196 468 2200 i
496 2187 527 2230 „
545 2133 612 2206 elle
631 2130 796 2301 ¹poliunt.
841 2132 1033 2242 Nusquam
1062 2134 1156 2242 enim
1183 2132 1253 2243 tuti
1272 2131 1362 2205 sunt.
1407 2132 1625 2207 Uberrimus
1642 2158 1732 2234 ergo
1749 2139 1834 2215 hic.

499 2255 626 2401 „puae
655 2253 699 2341 'us
733 2227 813 2321 est,
854 2228 1166 2340 grandiloquentia
1191 2226 1328 2303 vidium
1356 2254 1488 2328 parare.
1539 2230 1813 2346 suspenduntur

468 2375 526 2426 Ἰ,
560 2329 724 2427 implices
750 2350 897 2422 eorum,
930 2326 1026 2402 haud
1052 2327 1156 2408 aliter
1181 2351 1287 2426 quain
1312 2329 1479 2404 Phaeaces
1502 2327 1547 2403 ad
1571 2329 1662 2406 uafri
1679 2330 1812 2430 Ulyssis

1681 2481 1710 2524 „
1727 2454 1810 2506 nar·

494 2584 549 2663 rus
568 2576 640 2700 ’ipse'
657 2619 721 2665 non
746 2615 820 2699 tim.
835 2599 978 2668 Luthero
1000 2600 1031 2667 in
1048 2601 1102 2666 illa
1118 2598 1330 2664 controvetfit
1344 2596 1580 2700 sacramentaria
1595 2612 1694 2687 quam
1709 2600 1812 2700 pptius

496 2682 852 2835 {lllllilllif‘l’
869 2682 1813 2913 lilii?ifllll‘'illill?lllplllliillll

496 2851 561 2952 lor,
592 2855 672 2940 quod
692 2853 790 2916 Ulmae
805 2851 965 2949 Clrjstum
976 2852 1030 2937 pie*
1048 2852 1179 2914 daturus
1196 2852 1237 2951 est
1254 2852 1314 2943 dte.
1333 2850 1394 2914 dte.
1429 2852 1608 2916 llludteii)
1627 2850 1812 2943 prorustest
1850 2879 1853 2884 ·

494 2936 800 3099 f,
816 2930 1811 3109 irin.iiiiiiisifttflilissnsiisiislilf

497 3097 637 3178 „millet
663 3100 762 3195 etlim.
781 3144 802 3175 „
835 3096 956 3192 Neque
979 3096 1058 3159 vetii
1085 3114 1254 3178 quisquam
1279 3110 1504 3178 opportunius,
1537 3115 1635 3193 quum
1653 3095 1811 3194 ZWlN-

499 3179 650 3277 Gutus
675 3182 737 3329 pse
759 3182 788 3243 iii
807 3178 901 3261 Epist.
927 3177 969 3241 L.
989 3179 1048 3243 lV.
1073 3199 1102 3257 p.
1116 3194 1185 3256 171.
1204 3178 1233 3239 b.
1258 3178 1337 3274 hatic
1355 3179 1480 3275 caulam
1497 3180 1642 3274 deliniet:
1668 3181 1698 3245 ls
1716 3197 1756 3245 ita
1771 3183 1812 3279 ad

499 3263 657 3361 Somium¹
711 3264 822 3359 ‚1526
847 3263 878 3325 d.
897 3281 926 3324 2.
944 3262 1030 3342 Julii.
1064 3260 1349 3342 Unumhocscias,
1373 3262 1450 3362 ''²ch
1462 3264 1812 3412 fratribuspuecunllrs
1904 3286 1910 3300 ·

492 3350 617 3438 probari
630 3346 770 3444 ¹libellum
786 3348 876 3429 istum
892 3370 928 3407 ac
944 3347 1085 3427 modum,
1102 3367 1160 3434 quo
1176 3362 1218 3443 tu·
1230 3346 1268 3409 de
1284 3348 1462 3411 eucharistia
1470 3350 1554 3444 apud
1564 3373 1612 3411 ecc
1626 3347 1714 3426 efiam
1723 3366 1813 3413 tuam

498 3603 633 3669 homines
658 3603 773 3684 cibari,
804 3602 860 3691 qui
877 3602 946 3684 jam
961 3600 1086 3697 ’dudum
1096 3599 1309 3685 spiritualiter
1325 3599 1419 3662 cibati
1436 3624 1469 3661 ac
1479 3601 1585 3680 saturi
1596 3600 1809 3696 fueruntdtc.

497 3680 1547 3851 diidllilnlillffllil:llil‘lll{flillll
1565 3687 1595 3750 b·
1628 3685 1812 3769 &demque
1937 3756 1939 3761 ’

537 3869 586 3948 (a)
611 3868 675 3931 vid.
707 3866 810 3932 Tom.
830 3869 872 3934 ll.
911 3866 1007 3953 Epist.
1041 3867 1189 3949 Zwingl.
1222 3867 1252 3932 dt
1285 3866 1479 3950 Oecolainp.
1512 3869 1571 3933 fol.
1589 3867 1642 3933 80.
1667 3870 1697 3931 b.
1729 3867 1811 3949 apud

496 3948 746 4019 SCULTET.
771 3949 894 4018 Decii.
907 3954 950 4017 ΙΙ.
970 3970 1101 4049 pappi.
1127 3950 1291 4018 ceterum
1308 3953 1520 4018 memorabilis
1537 3954 1578 4017 eil
1596 3954 1625 4016 in
1642 3954 1697 4014 liae
1715 3949 1810 4031 Epist.

498 4040 590 4102 locus
616 4037 655 4101 de
678 4033 844 4101 Ulmenfis
863 4036 993 4101 civitatis
1011 4051 1089 4101 inter
1107 4034 1232 4101 Suevos
1251 4036 1430 4102 nobilitate:
1462 4086 1484 4120 „
1501 4036 1578 4101 Nec
1594 4035 1655 4111 est,
1679 4045 1714 4094 ut
1730 4032 1811 4095 Hel·
1853 4094 1855 4097 .

496 4169 519 4204 „
535 4119 695 4184 veriorum
712 4117 872 4183 civitatem
889 4118 1033 4185 Suevicae
1051 4120 1249 4203 comparetis.
1274 4118 1372 4203 Apud
1389 4141 1448 4187 iios
1464 4123 1550 4185 enini
1565 4117 1673 4182 omnia
1685 4114 1812 4179 fuerunt

497 4256 519 4289 „
537 4203 774 4357 corruptiffimi.
815 4203 914 4288 Apud
931 4223 989 4268 vos
1006 4215 1114 4269 autern
1131 4208 1242 4267 multe
1259 4202 1332 4268 sunt
1346 4206 1458 4291 urbes,
1482 4204 1500 4271 ὲ
1519 4219 1660 4290 quoium
1675 4218 1813 4268 numero

490 4338 516 4380 „
536 4304 620 4359 tuae
655 4338 665 4376 ,
690 4309 760 4375 que
775 4288 877 4363 adhue
895 4288 1011 4374 priseos
1029 4286 1161 4361 simos
1178 4287 1322 4357 reserant.
1338 4336 1360 4375 „
