4442 5150
454 633 622 729 simp-25.
785 629 827 704 R
875 627 908 702 E
957 627 999 702 N
1049 629 1086 703 Ο
1137 628 1175 704 V
1225 631 1258 705 A
1306 631 1351 706 T'
1394 633 1426 708 l.
1689 640 1763 730 289

453 760 707 838 concernentia
731 758 1038 859 adjungebantur,
1076 759 1243 857 Cumque
1269 762 1304 834 in
1329 762 1419 835 festo
1445 766 1606 860 corporis
1624 765 1759 843 Christi

452 861 549 935 idem
576 859 665 932 illud
692 879 911 952 repeteretur
928 855 1167 952 postulatum,
1194 879 1272 930 tum
1292 861 1456 954 equidem
1475 886 1519 935 ex
1541 865 1672 938 Senatu
1691 852 1758 939 nii-

453 959 533 1030 nori
561 979 652 1047 tres,
685 975 792 1052 atque
816 978 860 1025 ex
889 954 1016 1049 majori
1036 954 1190 1031 totidem
1210 956 1252 1026 ad
1271 958 1444 1030 tollendas
1461 958 1674 1035 ausloritate
1692 989 1760 1061 pu·

453 1055 549 1128 blica
569 1053 747 1150 Imagines
764 1048 995 1145 legabatttur;
1023 1051 1074 1121 At
1093 1047 1203 1142 vero,
1229 1053 1443 1148 imaginibus
1461 1055 1627 1150 sublatis,
1653 1081 1761 1156 atque

453 1151 679 1246 composito,
715 1149 768 1219 uti
794 1147 1007 1236 credebant,
1032 1147 1285 1245 aliquantisper
1303 1152 1437 1222 civium
1457 1152 1617 1244 fervore,
1643 1159 1761 1253 quiin

453 1249 507 1321 his
526 1250 645 1342 petitis
663 1244 894 1317 ferventiores
912 1242 1073 1334 fuerant,
1100 1243 1287 1316 confilium
1302 1245 1457 1319 'abeundi
1476 1273 1558 1320 cum
1577 1250 1645 1322 suis
1660 1257 1759 1325 acci·

453 1347 571 1442 piunt.
599 1344 652 1415 Ea
670 1366 721 1413 res
742 1340 857 1413 statim
879 1341 1016 1412 irritare
1030 1340 1207 1435 reliquos,
1225 1366 1420 1440 eorumque
1430 1349 1586 1418 excitare
1597 1349 1761 1445 indigna.

453 1444 612 1529 tionem,
633 1441 767 1537 quippe
785 1440 845 1532 qui
865 1460 1013 1508 numero
1031 1459 1176 1509 centum
1188 1460 1319 1512 armata
1329 1465 1435 1514 manu
1446 1445 1659 1537 poenitendo
1670 1470 1760 1520 con·

455 1537 533 1612 filio
546 1535 706 1609 adversus
717 1533 969 1631 Magistratum
984 1531 1184 1630 insurgere,
1202 1536 1361 1632 atqueab
1371 1562 1415 1610 eo
1425 1539 1565 1634 plenam
1577 1541 1761 1616 conscicn-

454 1637 516 1709 tiae
535 1634 735 1706 libertatem
752 1630 977 1728 expostulare
993 1653 1067 1701 uon
1084 1630 1310 1707 verebantur.
1335 1634 1555 1731 Enimvero,
1576 1633 1760 1735 magistra·

454 1752 513 1806 tus
532 1730 625 1825 ipse,
643 1755 723 1803 cum
744 1729 888 1824 reliquis
906 1725 1045 1799 civibus
1063 1749 1136 1798 non
1154 1730 1692 1829 minusEvangelicaedoslrinae
1708 1739 1761 1810 sa·

456 1828 624 1900 ventibus
642 1832 683 1898 ad
702 1849 889 1898 numerum
909 1825 1212 1920 quingentorum,
1230 1826 1254 1902 ,ἐ
1273 1826 1424 1924 vestigio
1444 1855 1537 1902 arma
1554 1833 1761 1909 inarmatus

454 1923 650 2022 capesseret
670 1944 710 1996 ut
727 1946 851 2020 parum
871 1919 1129 2014 cettdabeffet,
1149 1925 1235 2018 quin
1251 1925 1445 2020 plurimum
1456 1927 1633 2026 sanguinis
1643 1929 1763 2006 suisset

482 2021 658 2111 rosusum,
686 2020 750 2092 nili
768 2017 982 2118 tempestivo
1000 2041 1115 2114 eoque
1134 2020 1402 2115 prudentiffimo
1420 2025 1642 2122 Legatorum
1662 2027 1762 2102 Bast-

453 2047 620 2194 leenfium
635 2120 671 2193 δι
685 2114 1018 2207 Rothwilensrum,
1037 2117 1098 2210 qui
1117 2139 1325 2213 opportuno
1344 2142 1507 2218 tempore
1526 2124 1761 2220 Scaphusanis

453 2217 618 2309 aderant,
653 2215 827 2307 consilio,
862 2233 983 2289 motus
1005 2214 1042 2284 hi
1069 2214 1312 2310 intempestivi
1337 2220 1386 2291 ita
1403 2217 1546 2292 fuissent
1564 2221 1693 2314 sedati,
1719 2241 1768 2296 ut.

454 2313 636 2388 turbarum
662 2312 844 2404 nudiores,
878 2309 911 2384 se
937 2311 1081 2406 reliquis
1108 2335 1259 2384 numero
1286 2316 1582 2408 praevalentibus,
1607 2318 1761 2391 submit·

452 2412 584 2506 tendo,
617 2432 727 2506 atque
747 2415 989 2506 juramentum
1016 2407 1165 2480 antehac
1192 2409 1405 2506 denegatum
1433 2413 1656 2508 praestando,
1687 2415 1760 2488 levi

452 2509 602 2606 quadam
637 2508 751 2579 multa
778 2507 980 2605 pecuniaria
1006 2503 1224 2578 florenorum
1253 2506 1491 2581 ducentorum
1519 2512 1759 2608 punirentur,

450 2628 558 2701 atque
583 2607 626 2677 de
653 2604 790 2701 reliquo
816 2629 910 2677 arma
937 2604 979 2675 de
1010 2622 1180 2689 onerent,
1208 2602 1422 2702 Quanquam
1441 2606 1499 2678 vel
1519 2629 1595 2681 tum
1614 2634 1760 2707 quoque

452 2706 594 2799 utrique
613 2702 793 2794 Pastores,
819 2706 894 2777 Seb.
913 2628 1154 2798 Hossaeisterus
1172 2725 1274 2798 aeque
1290 2728 1331 2775 ac
1350 2706 1424 2779 Seb.
1441 2706 1653 2797 Hofmannus
1671 2708 1760 2781 urbe

451 2800 571 2890 exire,
605 2795 667 2872 sub
692 2824 735 2872 eo
752 2818 963 2896 praetextu,
989 2796 1084 2893 quasi
1101 2796 1168 2893 ipsi
1187 2801 1240 2872 his
1258 2802 1415 2873 motibus
1431 2801 1601 2874 dedissent
1620 2803 1758 2894 ansam,

447 2895 529 2995 jussi
548 2897 626 2971 sunt
637 2930 654 2985 3·
677 2898 818 2994 qnando
834 2896 1074 2991 Hafmeisterrts
1092 2896 1275 2993 Tigutum
1297 2900 1401 2994 petiit
1419 2920 1524 2995 atque
1542 2899 1593 2971 ibi
1612 2923 1675 2995 per
1693 2901 1759 2973 ali·

452 3018 539 3092 quot
566 3020 673 3069 annos
701 2999 738 3068 in
764 2994 1013 3067 annunciando
1041 2993 1241 3092 Evangelio
1269 2997 1414 3094 reliquis
1440 3018 1652 3095 cooperatus
1678 2997 1756 3094 est,

451 3113 563 3190 utque
588 3117 707 3168 motus
735 3093 830 3190 apud
847 3093 1048 3188 Tigurinos
1067 3092 1328 3190 Anabaptislici
1349 3117 1655 3191 componerentur
1673 3122 1762 3192 ope·

451 3214 522 3263 ram
541 3194 704 3279 navavit;
734 3192 867 3287 Neque
886 3211 1003 3262 tamen
1022 3190 1049 3261 is
1067 3190 1175 3263 ullam
1190 3192 1408 3268 deindecum
1420 3194 1675 3291 Scaphusanis,
1693 3217 1757 3265 ne·

451 3290 592 3383 quidem
613 3315 696 3363 cum
716 3290 863 3385 optimis
882 3287 1004 3358 amicis
1020 3287 1095 3382 ejus
1114 3286 1388 3364 familiaritatem
1408 3316 1573 3366 exercere
1590 3312 1650 3363 aut
1669 3290 1768 3362 inire.

451 3390 707 3459 commercium
735 3387 904 3477 volebat,
931 3407 974 3455 ne
1000 3384 1036 3454 in
1055 3385 1262 3458 collusionis
1281 3389 1466 3483 cujusdam
1486 3412 1568 3459 cum
1588 3389 1629 3457 iis
1647 3383 1759 3478 suspi-

452 3482 593 3552 cionem
612 3486 767 3555 venirct:
799 3485 883 3555 Fuit
904 3484 931 3553 is
949 3502 1065 3553 tamen
1084 3481 1176 3553 intra
1194 3484 1384 3555 triennium
1404 3484 1447 3554 ad
1462 3480 1634 3553 Beruense
1653 3481 1759 3553 mini·

452 3576 595 3648 sterium
612 3602 781 3670 vocatus,
800 3602 905 3676 atque
916 3571 1045 3650 ultimi>
1056 3578 1149 3672 apud
1161 3577 1404 3674 Zoffingenses
1413 3600 1523 3673 usque
1539 3577 1581 3649 ad
1593 3581 1640 3651 Λ.
1655 3599 1759 3678 1533.

450 3674 683 3746 emortualem
704 3677 926 3773 Evangelico
944 3683 1089 3747 munere
1107 3671 1249 3747 funsius
1267 3676 1328 3748 est.

503 3773 604 3843 Tum
625 3768 710 3842 veri>
729 3778 821 3867 apud
840 3772 1340 3847 CONSTANTIENSES
1353 3774 1402 3865 (a)
1416 3774 1760 3869 AmbrastusBlaurc·

450 3896 508 3943 rus
520 3868 707 3963 Evangelii
719 3870 853 3941 causam
870 3870 995 3943 sruslri
1009 3872 1233 3966 tingentibus
1244 3870 1456 3960 Canonicis,
1476 3870 1605 3969 quibus
1619 3872 1765 3948 frenum·

452 3966 688 4067 lmagillratu
708 3966 954 4063 injiciebatur,
974 3974 1083 4041 vetita
1102 3968 1338 4061 scortatione,
1356 3967 1634 4067 aliisqneparum
1647 3972 1760 4045 hone·

1068 4065 1104 4137 O
1125 4090 1168 4136 οκ
1700 4068 1761 4142 slis

483 4239 542 4352 'ni
564 4275 628 4340 na.
647 4270 895 4343 notrum.
920 4271 1019 4338 nni.
1044 4274 1086 4340 K.
1106 4271 1151 4341 n.
1175 4295 1204 4359 p.
1225 4276 1470 4361 zer-m.
