4442 5150
504 606 575 682 tro
692 550 1564 681 ursronrauvaueuntt
1638 608 1807 710 arm.

502 733 668 809 Durabat
692 735 787 808 enim'
813 733 931 809 ad-h'uc
959 729 1058 831 illud„
1073 731 1168 810 inter
1185 729 1369 813 'Caesarem
1394 740 1433 814 ὃ(
1459 740 1589 834 Papam
1609 740 1809 838 dissidium,

502 835 607 936 cujus
625 833 767 910 initium
787 831 957 933 superiori
969 833 1018 928 (a)
1037 858 1130 907 anno
1146 836 1313 909 vidimus.
1339 838 1389 908 [it
1408 839 1548 910 meritas
1562 840 1710 912 omnino
1727 867 1810 936 pue·

364 969 368 976 ·
502 961 563 1010 nas
588 936 781 1031 proterviae
803 935 874 1005 suae
891 932 997 1005 dabat
1015 931 1183 1004 Clemens
1201 934 1318 1028 Papa,
1344 958 1427 1006 cum
1449 934 1546 1007 Urbs
1561 937 1684 1008 Roma
1701 938 1811 1011 altera

502 1056 600 1107 nunc
626 1033 706 1104 vice
732 1029 753 1102 i
779 1030 894 1102 milite
920 1028 1128 1101 Caesareano
1144 1051 1363 1124 raperetur,
1395 1030 1535 1128 ipsaque
1557 1031 1735 1107 vidiorum
1753 1036 1810 1108 di·

502 1131 659 1228 reptioni
677 1130 714 1201 &
731 1127 851 1297 spoliis
870 1126 1025 1198 cederet.
1050 1126 1148 1219 Quae
1167 1126 1311 1223 quidem
1331 1152 1405 1219 res,
1429 1152 1511 1201 cum
1531 1152 1575 1201 ex
1594 1128 1628 1202 se
1645 1133 1680 1203 in
1699 1132 1811 1205 detri-

500 1247 661 1302 mentum
688 1249 729 1296 au
769 1224 908 1296 oritatis
927 1225 1308 1295 &emolumentorum
1328 1226 1510 1319 Papalium
1530 1248 1719 1323 vergeret,
1745 1252 1812 1302 nec

499 1323 609 1419 ipsam
636 1321 823 1395 Pontificis
847 1317 1030 1418 personam
1057 1319 1078 1390 a
1105 1321 1356 1393 vexationibus
1384 1323 1578 1394 immunem
1605 1324 1810 1420 praestaret,

501 1423 638 1520 quippe
655 1421 717 1516 qui
736 1442 822 1491 mox
841 1415 1028 1488 obfidione
1046 1417 1081 1487 in
1101 1416 1246 1488 castello
1265 1418 1302 1489 S.
1322 1419 1454 1514 Angeli
1473 1417 1632 1512 ciamus,
1657 1443 1744 1494 mox
1764 1445 1811 1496 ex

501 1519 628 1592 eodem
649 1519 814 1614 captivus
832 1512 1049 1603 ducebatur,
1067 1512 1225 1583 militum
1244 1515 1498 1609 petulantiae&
1510 1515 1650 1589 libidini
1662 1519 1827 1615 permis-A

498 1614 577 1708 sus,
609 1638 697 1686 mox
725 1615 762 1686 &
790 1612 871 1683 alias
897 1608 918 1681 ai
945 1609 1085 1683 casare
1112 1609 1284 1705 publico,
1319 1610 1416 1704 quod
1437 1615 1510 1708 jam
1539 1614 1719 1707 vidimus,
1754 1616 1813 1686 lu·

499 1711 619 1784 dibrio
646 1709 867 1799 habebatur,
902 1708 1106 1780 intantum
1136 1707 1208 1778 huc
1237 1707 1414 1802 pertinet,
1449 1729 1491 1783 ut
1508 1709 1665 1806 pofitum
1683 1712 1813 1784 exinde

457 1808 458 1813 ’
500 1805 707 1882 Pontificiae
733 1804 913 1903 tyrannidi
936 1803 1077 1875 obicem
1096 1802 1361 1899 intelligamus,
1387 1829 1462 1902 quo
1479 1810 1596 1881 miuus
1615 1809 1651 1881 in
1669 1808 1812 1884 Luthe·

498 1929 580 1979 rum
609 1905 647 1978 ὃς
672 1906 749 2000 ejus
775 1899 994 1991 doslrinam,
1028 1921 1101 1971 nou
1127 1899 1177 1971 ita
1201 1920 1243 1973 ut
1268 1921 1350 1974 ante
1369 1921 1537 1999 coeptum
1555 1905 1628 1977 hoc
1646 1925 1812 2001 tempore

499 2000 813 2090 revirescunt,
848 2020 1047 2095 quanquam
1074 2019 1161 2068 mox
1188 1998 1285 2071 circa
1311 1995 1420 2070 finem
1449 1999 1556 2094 hujus
1581 2001 1663 2070 anni
1690 2000 1812 2074 Caesar

500 2121 584 2172 cum
605 2098 753 2195 captivo
771 2095 833 2168 suo
852 2092 1031 2167 Pontifice
1048 2113 1235 2192 utcunque
1251 2095 1527 2188 reconciliatus,
1552 2093 1738 2169 visiimam
1754 2097 1812 2192 (b)

499 2196 630 2270 iterum
656 2194 880 2283 Lutherum,
915 2192 953 2265 &
974 2193 1036 2288 qui
1054 2215 1135 2265 eum
1153 2190 1410 2289 sequebantur,
1435 2191 1651 2288 destinaret,
1674 2196 1730 2267 uti
1749 2218 1812 2291 pa-

499 2291 641 2367 storum
670 2294 762 2364 inter
787 2310 979 2385 utrumque
1005 2289 1040 2362 d.
1071 2300 1128 2364 26.
1152 2286 1340 2362 Novemb.
1361 2311 1469 2385 1527.
1502 2290 1676 2365 initorum
1704 2312 1815 2390 caput

497 2386 787 2487 speciosissrmum
805 2405 899 2480 erat,
925 2404 964 2462 ut
982 2390 1164 2461 Concilium
1182 2385 1368 2481 universale
1383 2389 1582 2481 haberetur,
1608 2395 1623 2481 <
1650 2388 1721 2462 uod
1733 2413 1814 2463 om·

498 2489 599 2561 nium
627 2488 769 2583 piorum
795 2485 958 2585 equidem
978 2486 1074 2558 votis
1095 2483 1354 2580 expetebatur,
1379 2483 1423 2556 ad
1440 2482 1562 2559 seriam
1579 2484 1601 2558 d
1666 2487 1753 2558 rinae
1772 2489 1813 2563 δι

499 2584 699 2682 disciplinae
708 2584 1007 2673 emendationem)
1018 2582 1076 2657 sed
1085 2584 1133 2657 ad
1142 2584 1376 2678 extirpandum
1385 2585 1531 2658 Luthen‘
1544 2586 1697 2679 lraereſsn:
1715 2584 1813 2660 Haec

499 2700 641 2776 mmen,
659 2683 712 2756 uti
730 2707 802 2756 non
820 2682 937 2758 statim
955 2682 992 2760 in
1007 2676 1175 2755 effectum
1186 2677 1511 2775 dedusiasuerunt,
1530 2684 1581 2755 ita
1593 2683 1629 2754 in
1640 2682 1813 2759 Comitiis

428 2786 450 2828 -’
497 2781 606 2855 etiam
634 2780 955 2857 Ratisbonenfibus
980 2780 1051 2853 boc
1076 2803 1171 2853 anno
1194 2777 1312 2854 mense
1328 2777 1468 2852 Martio
1485 2779 1695 2871 celebratis,
1721 2782 1812 2854 nihil

443 2880 445 2883 ’
496 2877 639 3050 perorsus
663 2901 813 2979 propter
837 2877 987 2952 Caesaris
1012 2874 1206 2948 absentiam
1231 2873 1349 2949 adum
1376 2873 1452 2960 est,
1487 2894 1594 2969 atquc
1619 2868 1813 2946 deficiente

535 3000 572 3052 re
588 2976 750 3074 suprema
768 2978 821 3066 (c)
841 2977 877 3045 in
896 2972 1054 3067 Imperio
1072 2970 1276 3059 Potestate,
1301 2967 1451 3075 arbitrio
1470 2967 1690 3063 fingulorum
1710 2970 1811 3064 prin·

499 3074 622 3172 cipum
634 3070 973 3179 &magistratuum
992 3083 1069 3137 tum
1088 3063 1175 3155 alia,
1194 3059 1448 3230 tuplrmaxrme
1466 3063 1650 3160 religionis
1663 3067 1812 3162 negotia

498 3172 740 3341 tmgppapeqqt
762 3166 1486 3352 disiisstcosoiiriiiiniElceiiiorii'‘Saxoniae
1513 3253 1609 3329 lilius
1635 3257 1811 3351 Joharmes

496 3365 713 3451 Friderr'cus,
745 3356 806 3428 cui
831 3353 999 3452 desponsa
1025 3352 1141 3428 fuerat
1167 3350 1316 3428 Caesaris
1342 3352 1442 3427 soror
1468 3353 1689 3449 Catharina,
1722 3379 1810 3431 natu

495 3458 666 3555 minima,
700 3450 875 3531 confertis
898 3477 939 3529 ea
964 3453 1009 3530 de
1035 3476 1075 3528 re
1099 3452 1139 3530 bt
1167 3450 1312 3552 signatis
1338 3451 1474 3547 literis,
1506 3450 1541 3526 se
1566 3450 1626 3550 spe
1642 3451 1703 3527 sua
1719 3454 1810 3528 illud

1720 3576 1809 3626 con·

538 3673 591 3755 (a)
615 3670 758 3816 ⁶01¹f·E§·
778 3665 946 3734 LXVlll.
992 3664 1086 3747 .164.

538 3757 591 3839 (b)
618 3754 663 3820 lta
687 3752 708 3819 S
743 3748 949 3825 CKENDO
988 3748 1026 3813 F.
1050 3744 1402 3829 L.11.§.XXV111.
1426 3765 1456 3829 p.
1472 3760 1522 3828 79.
1552 3764 1590 3810 ex
1608 3745 1809 3848 Pallavicino

500 3835 841 4006 Liseslbseriilibim
863 3916 1075 3983 Ferdinandus
1098 3935 1231 4001 quoque
1253 3915 1340 3979 bello
1365 3912 1550 3997 Hungarico
1566 3905 1810 4000 implicitus‚'&

500 4005 667 4092 Philippus
682 4002 847 4084 Badenfis,
871 4004 924 4066 cui
940 4002 1145 4150 ceteroquin,
1161 4015 1200 4101 pt
1215 3992 1343 4097 §elaris
1361 3998 1556 4147 l⁰cumrsr⁰st
1574 3999 1600 4063 F
1604 3997 1809 4063 erdiuandum

499 4105 635 4169 teneret,
652 4101 715 4153 etat
731 4087 973 4167 demandatum,
990 4105 1028 4151 ex
1078 4100 1193 4149 omnus
1209 4081 1356 4166 digressus
1373 4097 1456 4162 erat,
1515 4082 1564 4161 olf
1577 4104 1617 4145 an
1637 4102 1689 4142 nm
1699 4076 1809 4141 Mont-

493 4174 627 4255 forrium
645 4171 810 4241 Comitem
825 4169 1064 4257 l'ubdelegatum
1078 4168 1280 4253 relinquens,
1301 4165 1366 4233 vid.
1384 4162 1502 4234 SECK
1576 4162 1610 4232 D
1648 4159 1725 4229 RF.
1740 4166 1810 4229 lc.

500 4276 569 4347 pag.
586 4255 637 4324 80.
