4442 5150
440 616 579 693 .312
701 584 1567 679 H1s‘r0n1navnuoen11
1654 588 1824 689 amr,

511 744 573 796 eus
601 721 637 796 &
663 720 954 816 jureconsultus,
989 720 1163 812 Jaharrnes
1185 720 1271 790 item
1291 719 1443 791 Satlerur
1462 718 1582 792 Sacrae
1600 686 1823 818 Theologiae

516 819 796 912 Baccalaureus,
822 816 1023 890 Pontificiis
1040 816 1073 888 se
1092 815 1319 887 associarunt.

528 982 532 988 .
564 920 684 990 Bernae
702 940 818 989 aurem
839 916 880 987 ad
900 913 1035 986 tristem
1049 914 1097 1000 (a)
1115 933 1253 984 motum
1273 910 1670 1006 spediarevidebantur,
1689 914 1828 1011 omnia,

519 1038 603 1086 curn
632 1016 764 1087 civium
793 1013 851 1084 alii
879 1010 1080 1105 Evangelio
1099 1034 1161 1105 per
1178 1011 1415 1083 Berchtrldum
1431 1011 1608 1084 Hallerum
1628 1012 1829 1108 praedicatu
1924 1048 1927 1052 ·

519 1111 699 1203 faverent,
731 1112 790 1182 alii
818 1110 963 1181 decreto
989 1106 1137 1179 badensi
1157 1108 1351 1201 parendum
1370 1105 1438 1179 esse
1457 1108 1661 1181 statuerent.
1708 1111 1828 1185 Inter·

518 1228 628 1279 ventu
647 1208 778 1304 septem
797 1230 972 1302 pagorum
992 1229 1045 1276 res
1064 1205 1207 1276 iratum
1226 1202 1428 1300 composita
1445 1203 1515 1295 est,
1542 1226 1582 1276 ut
1599 1205 1695 1278 urbis
1713 1209 1751 1281 ὃ(
1769 1209 1832 1281 di·

519 1306 627 1379 tionis
647 1305 831 1377 Bernensis
850 1328 934 1374 cum
954 1305 1123 1374 Proceres
1141 1322 1218 1374 tum
1238 1302 1369 1391 Cives,
1395 1303 1491 1395 quod
1512 1304 1683 1398 majorem
1702 1326 1828 1394 eorum

518 1399 640 1473 saltem
669 1402 857 1475 concernit
882 1423 1097 1492 numerum,
1132 1396 1153 1469 a
1180 1401 1292 1475 veteri
1319 1400 1493 1495 religione
1518 1399 1551 1473 se
1576 1424 1649 1473 non
1674 1402 1829 1478 recessu·

518 1523 576 1572 ros
595 1499 650 1590 (b)
669 1499 803 1572 solenni
818 1501 1027 1594 juramento
1046 1495 1078 1568 se
1097 1494 1371 1592 adstringerent.
1810 1587 1815 1595 ι

400 1599 403 1602 ’
567 1595 964 1692 ἳῖςιινὶᾙγαηςείἰωω
993 1593 1203 1687 religionem
1227 1595 1279 1688 (c)
1311 1590 1643 1666 Ecclesiasticorum
1672 1596 1832 1677 pontifi-1

520 1694 657 1765 ciorum
678 1694 786 1788 aliqui
804 1689 1118 1788 amplexabantur,
1142 1691 1253 1786 aliqui
1273 1689 1539 1783 aversabantur,
1566 1694 1628 1788 qui
1644 1686 1830 1791 magistrae

519 1792 571 1862 rui
594 1793 745 1886 politico
765 1814 886 1886 parere
904 1788 1111 1861 renuebant.
1139 1788 1209 1867 His
1227 1791 1340 1884 igitur
1359 1790 1572 1881 imperatum
1591 1788 1665 1881 est,
1684 1813 1726 1864 ut
1739 1817 1829 1867 con·

521 1888 683 1961 cionibus
705 1887 932 1983 Evangelicis
952 1883 1174 1973 interessent,
1201 1885 1237 1958 ὅ(
1258 1886 1395 1956 decima
1413 1880 1568 1980 septima
1578 1888 1672 1982 Maji
1687 1876 1831 1964 Consu·

520 1985 588 2055 lem
606 1987 851 2079 Tigurinum,
877 1986 1059 2056 Hearicum
1080 1983 1298 2070 Walderum,
1319 1983 1465 2077 perinde
1483 2005 1521 2053 ut
1538 1983 1598 2055 alii
1609 1988 1725 2080 cives,
1743 2010 1831 2083 pro«

521 2079 618 2153 milla
638 2082 852 2152 obedientiae
872 2078 965 2170 fide,
992 2079 1237 2176 magistrarum
1258 2079 1356 2151 suurn
1376 2078 1618 2174 agnoscerent.
1813 2129 1816 2135 -

525 2228 532 2235 -
568 2190 598 2263 ς.
620 2179 726 2252 CIX.
754 2180 876 2275 Atque
903 2178 981 2248 haec
1009 2176 1052 2249 de
1076 2177 1316 2271 Disputatiane
1342 2179 1505 2271 Badenſs,
1541 2203 1621 2274 quae
1649 2203 1712 2277 per
1737 2181 1831 2259 inte·¹

518 2296 602 2373 gros
631 2300 745 2346 xvrri.
772 2277 844 2347 dies
872 2273 1045 2345 duravisse
1070 2274 1215 2346 dicitur.
1260 2273 1328 2347 Sed
1341 2276 1447 2368 juvat
1466 2275 1525 2347 hic
1546 2277 1707 2373 quaedam
1728 2305 1831 2352 eom·

521 2397 718 2445 memorare
744 2374 787 2446 ad
816 2374 904 2444 banc
933 2369 1066 2449 causam
1093 2370 1310 2465 spedlanria,
1346 2371 1486 2444 'tametsi
1515 2374 1661 2469 praeciffi
1687 2376 1731 2448 ad
1758 2376 1833 2474 ipsa

523 2471 786 2566 Disputationis
809 2469 974 2543 Badensrs
992 2469 1083 2542 nera
1101 2467 1245 2566 qubque
1262 2467 1384 2542 referri
1404 2494 1475 2542 non
1495 2469 1646 2566 poffint3
1675 2473 1832 2548 ERAsa

521 2569 608 2642 MU
615 2571 637 2642 S
657 2570 923 2642 Roterodamus
942 2571 1108 2639 maximae
1128 2568 1345 2641 celebritatis
1364 2569 1439 2660 vir,
1466 2570 1529 2666 qui
1547 2569 1640 2664 apud
1655 2571 1831 2647 Balileen·

522 2663 572 2738 ses
602 2667 823 2759 versabatur,
859 2667 901 2739 ab
922 2667 1100 2738 Helvetiis
1118 2690 1262 2760 quoque
1280 2687 1429 2737 vocatus
1447 2687 1520 2738 erat
1538 2671 1581 2738 ad
1600 2692 1676 2740 eam
1696 2671 1833 2767 Dispu-

522 2768 694 2839 tationem
707 2800 719 2853 3
752 2766 819 2839 Sed
840 2768 867 2835 is
888 2763 1085 2864 Epistulam
1106 2764 1148 2834 ad
1171 2764 1424 2836 Helvetiorum
1443 2763 1579 2861 legator
1598 2767 1633 2838 d.
1653 2791 1718 2840 xv.
1739 2770 1835 2869 Maji

519 2846 681 2961 scripsit,
708 2889 776 2958 qua
787 2868 933 2955 primum
952 2862 1044 2935 suam
1064 2859 1208 2934 excusat
1227 2861 1441 2957 absentiam,
1468 2862 1565 2956 quod
1583 2865 1751 2940 valetudo
1765 2871 1836 2956 mi·

522 2983 586 3031 nus
612 2962 696 3032 ell'et
725 2962 849 3052 lirina,
883 2964 1018 3053 drirrde,
1048 2981 1157 3055 negat
1173 2959 1206 3030 se
1224 2960 1268 3031 de
1287 2961 1520 3031 Sacramenta
1537 2961 1575 3032 S.
1595 2962 1834 3038 Eucharistiae

521 3081 597 3127 earn
627 3058 747 3129 fovere
775 3057 1000 3149 sententiam,
1037 3082 1142 3154 quam
1163 3056 1227 3153 ipsi
1249 3081 1292 3128 ex
1311 3055 1626 3131 Reformatoribus
1645 3061 1835 3154 nonnulli,

523 3155 717 3227 Pellicaaar
743 3156 952 3250 cumprimis
980 3177 1086 3249 atque
1110 3159 1178 3227 Leo
1204 3156 1328 3247 June,
1363 3152 1612 3247 adscripserant
1633 3156 1710 3245 (d),
1737 3158 1836 3250 quali

524 3253 551 3322 is
573 3255 669 3348 paria
686 3275 768 3325 cum
791 3253 843 3323 bis
862 3247 1140 3347 faceret,'atquc
1158 3246 1271 3322 l'olbm
1292 3250 1497 3348 agnosceret
1517 3248 1653 3320 Christi
1672 3252 1707 3319 in
1726 3274 1836 3328 coena

523 3349 679 3424 Domini
708 3350 1016 3423 manducationem
1044 3348 1256 3443 perfidem,
1283 3350 1368 3445 quin
1388 3342 1485 3435 iinb,
1512 3346 1609 3439 quod
1628 3349 1744 3444 magis
1759 3352 1832 3446 est:

521 3500 548 3541 „
567 3448 701 3520 Testor
721 3450 864 3540 Deum,
892 3449 1029 3545 inquit,
1057 3448 1117 3539 qui
1135 3446 1226 3518 solus
1244 3449 1353 3521 corda
1371 3446 1473 3515 novit
1491 3444 1700 3535 bominum,
1727 3468 1838 3543 atque

520 3595 549 3637 „
571 3548 665 3624 hune
693 3549 781 3620 mibi
810 3571 938 3645 precor
965 3548 1118 3637 iratum,
1157 3543 1181 3615 fi
1208 3567 1363 3640 unquam
1392 3540 1525 3614 desedit
1551 3543 1586 3613 in
1614 3545 1733 3616 animo
1753 3571 1836 3617 meo

1716 3697 1743 3738 rr
1760 3645 1837 3726 stu·

568 3824 614 3899 (a)
642 3820 689 3884 Er
707 3822 869 3892 Chronica
886 3826 1061 3908 Bullingeri
1079 3817 1383 3889 SCULTETUS
1402 3819 1485 3886 Dec.
1506 3822 1548 3885 ll.
1571 3842 1640 3907 pag.
1654 3842 1702 3886 ιι.

567 3908 617 3982 (b)
644 3908 704 3971 vid.
724 3908 948 3975 RUCHrlT.
973 3910 1018 3975 T.
1038 3909 1063 3974 1.
1089 3929 1119 3991 p.
1136 3903 1208 3987 386.
1232 3905 1320 3971 cons.
1340 3928 1410 3990 quae
1429 3906 1458 3985 b.
1473 3906 1552 3972 CX.
1577 3909 1747 3971 tradentur.

520 4033 524 4042 ·
566 3993 616 4070 (e)
643 3991 888 4057 SCULTET.
916 3999 984 4059 l.c.
1796 4060 1804 4073 ,

563 4076 615 4152 ld)
641 4077 703 4140 vid.
731 4076 914 4140 bavar.
941 4079 1063 4143 Histor.
1083 4074 1299 4152 Sacrarnent.,
1323 4076 1377 4156 qui
1394 4094 1461 4156 pag.
1481 4073 1510 4137 53.
1538 4075 1615 4153 dtr).
1640 4088 1738 4137 totam
1756 4074 1836 4138 banc

518 4154 695 4237 Epistulam
712 4160 856 4232 inseruit.
875 4181 945 4240 qua:
965 4163 994 4225 ἀ
1012 4163 1028 4224 al
1046 4160 1319 4226 SCULTETO
1335 4161 1512 4223 Annalibus
1524 4157 1606 4223 Dec.
1620 4158 1661 4221 11.
1679 4178 1707 4238 p.
1721 4176 1771 4239 54
1788 4159 1834 4269 sq.

514 4241 557 4305 ri':
576 4245 716 4319 nferre,
743 4244 771 4307 a
790 4242 869 4306 inter
886 4241 1071 4314 ERASMl
1089 4242 1243 4329 Epilloles
1262 4242 1378 4310 nuru.
1404 4246 1518 4330 legitur
1534 4258 1649 4327 p.935,
1665 4243 1740 4322 936.
1800 4249 1803 4254 “
