4442 5150
460 660 628 755 A.1527.
819 653 859 728 R
908 652 941 727 E
991 651 1034 727 N
1082 652 1121 727 0
1169 650 1208 727 V
1257 652 1290 727 A
1340 653 1378 729 T
1427 656 1459 730 Ι.
1700 683 1764 761 34¹

456 839 485 881 „
508 788 572 859 Ne
591 783 729 857 infidias
747 802 942 855 metueret:
979 779 1193 853 Habituram
1210 783 1285 877 ejus
1304 784 1353 856 rei
1373 787 1546 859 rationem
1565 786 1768 863 Potentilli·

456 934 485 978 „
505 909 597 955 mam
627 879 828 977 Rempubl.
855 903 899 950 ne
926 880 1052 950 itinera
1077 881 1194 950 minus
1222 901 1300 952 tuta
1326 901 1521 956 terrerent:
1560 885 1767 960 Adventum

455 1032 483 1075 „
503 983 579 1151 pus
598 976 702 1053 avide
718 977 737 1050 ὲ
753 978 873 1050 multis
887 973 1088 1069 expediam:
1110 975 1312 1082 Ageadsrs,
1331 982 1467 1076 pergit,
1488 983 1664 1056 ltaeremus
1675 987 1767 1058 inter

456 1129 484 1172 „
516 1103 638 1151 acrum
660 1079 696 1150 ὃς
714 1079 856 1164 laxum,
877 1076 913 1147 ἃ
934 1074 1059 1168 lupum
1079 1075 1221 1146 auribus
1240 1095 1413 1148 tenemus.
1448 1083 1501 1149 At
1518 1103 1600 1150 eum
1619 1080 1769 1154 tractate

456 1227 484 1271 „
502 1175 687 1249 nescimus.
741 1172 933 1245 Nescimus
959 1171 1206 1265 oligarcbiam.
1260 1173 1393 1243 Minati
1421 1173 1531 1267 sunt,
1572 1177 1768 1271 pauciffimi

454 1324 483 1368 „
503 1295 642 1365 tamen,
671 1273 851 1344 Dominos
870 1269 935 1340 bac
953 1268 1194 1362 disputatione
1212 1268 1301 1339 nibil
1319 1272 1572 1365 expedituros,
1592 1275 1628 1346 ὃ(
1648 1276 1766 1370 postc-

455 1422 484 1465 „
504 1373 598 1444 riom
628 1391 820 1481 propterea
846 1367 966 1439 futura
991 1365 1179 1437 deteriora.
1230 1366 1333 1458 Quid
1361 1369 1494 1463 plura,
1537 1371 1768 1448 amantilltme

456 1519 483 1562 ,‚
504 1469 703 1558 Huldnce,
730 1465 845 1556 nosti,
871 1487 928 1535 me
948 1482 1048 1533 tanto
1068 1465 1166 1533 oneri
1187 1464 1375 1558 imparem:
1403 1468 1465 1537 Tu
1484 1490 1573 1565 ergo
1591 1471 1766 1543 rationem

455 1618 484 1659 ‚,
504 1566 541 1639 ὃ(
568 1566 715 1637 modum
745 1562 915 1650 ostende,
958 1559 1077 1630 atduae
1105 1559 1201 1631 illius
1227 1561 1509 1636 administrandae
1538 1569 1763 1660 provirrciae:

456 1665 578 1756 „imo
604 1661 711 1757 ipsam
738 1663 801 1731 Tu
828 1657 973 1753 suscipe.
1017 1655 1192 1747 Utinam,
1219 1657 1414 1733 cbariffime
1431 1662 1577 1754 Frater,
1604 1664 1765 1738 nostrum

457 1812 485 1852 „
505 1761 663 1830 omnium
683 1756 916 1845 exadiiilime,
944 1777 1010 1848 pro
1029 1750 1127 1825 felici
1146 1755 1252 1851 hujus
1272 1760 1409 1853 negotii
1427 1760 1626 1854 nearlpaoa,
1653 1762 1766 1838 noffes

458 1907 485 1948 ,‚
507 1857 642 1929 zelum!
671 1859 810 1928 Totum
832 1855 1019 1950 negotium
1039 1853 1291 1947 Oecolampadio
1310 1859 1575 1929 communicavi
1587 1892 1599 1944 3
1631 1864 1691 1958 qui
1711 1883 1765 1934 ta·

456 2003 483 2046 „
503 1976 584 2025 men
606 1975 725 2027 utrum
745 1953 932 2025 adfuturus
954 1947 1018 2039 stt,
1045 1946 1174 2020 nescio.
1218 1951 1371 2047 Scripsit
1391 1955 1543 2047 interea,
1569 1977 1694 2052 optare
1710 1959 1766 2052 se,

457 2102 483 2145 ,‚
504 2051 726 2150 Zwinglium
747 2052 849 2123 nobis
868 2046 992 2121 adesse.
1037 2045 1208 2139 Summa,
1236 2052 1288 2121 Er
1304 2054 1365 2121 hat
1379 2054 1541 2146 gebadet,
1565 2058 1609 2126 du
1620 2057 1687 2148 solt
1704 2059 1767 2130 den

453 2201 480 2241 ,‚
501 2132 716 2223 Biirentanlz
728 2150 856 2244 stibren
871 2148 933 2239 (a).
962 2145 1097 2238 Ajunt,
1117 2147 1564 2243 Marnarumadl'uturum,
1582 2173 1624 2224 ut
1640 2155 1769 2227 deCn·

454 2297 481 2338 „
509 2247 666 2319 lendario
691 2247 752 2320 suo
772 2244 928 2341 (pictura
944 2239 995 2315 cst
1014 2242 1340 2336 ignominiostffima
1359 2247 1396 2318 bt
1414 2249 1530 2320 adhuc
1550 2252 1585 2321 in
1604 2251 1767 2325 manibus

453 2395 481 2438 „
507 2343 635 2419 nostris
653 2341 911 2417 virulenriffimi
931 2339 1039 2412 animi
1057 2338 1203 2422 indicia)
1222 2343 1394 2413 rationem
1415 2345 1550 2417 reddat.
1577 2347 1767 2446 Qricquid

431 2524 434 2529 Α
454 2492 482 2535 „
504 2440 568 2529 stt,
595 2443 744 2536 quisque
762 2443 903 2530 veniat,
929 2439 973 2510 de
991 2438 1074 2507 Tua
1093 2435 1204 2508 modb
1224 2438 1408 2534 praesentia
1427 2443 1515 2527 certi
1536 2442 1664 2532 fimus;
1693 2470 1768 2519 non

455 2591 484 2632 ,‚
503 2533 615 2609 modo
641 2537 683 2610 ad
710 2537 952 2635 reprimendos
978 2533 1286 2626 contradicentes,
1320 2535 1379 2610 sed
1407 2539 1443 2612 &
1463 2560 1612 2617 caeteros
1630 2539 1766 2619 confit·

455 2686 483 2728 „
503 2635 670 2724 mandos3
698 2661 737 2708 os
757 2634 949 2732 praesertim
975 2630 1259 2708 sacrificulorum
1276 2637 1591 2730 importunorum‚
1609 2666 1766 2737 quorum

454 2756 651 2830 „magnus
678 2734 772 2829 apud
800 2758 865 2806 nos
891 2756 1078 2824 numerus,
1113 2731 1367 2806 obturandum.
1411 2735 1530 2809 Etiam
1556 2742 1707 2814 Farellus
1729 2741 1765 2813 se

453 2882 483 2926 „
503 2829 608 2907 fiste't.
640 2834 973 2923 Valtenwillr'orum,
999 2832 1211 2922 Nolliorum,
1239 2828 1482 2927 Trempiorum,
1508 2837 1765 2910 Bettholdorum

452 2929 593 3023 „aedes
619 2930 710 3002 Tibi
736 2928 922 3028 patebunt.
967 2929 1121 3024 Eliges,
1164 2952 1392 3028 quascunque
1416 2932 1583 3005 volueris.
1628 2935 1765 3009 Omnia

451 3028 587 3123 „Tibi
614 3049 719 3103 erunt
746 3047 887 3125 parata,
922 3023 1035 3100 modo
1058 3027 1123 3099 Tu
1140 3050 1282 3125 paratus
1302 3028 1365 3124 fis,
1391 3049 1432 3103 ut
1451 3030 1665 3106 confidimus
1684 3059 1764 3109 om·

450 3177 478 3221 ,‚
498 3148 569 3200 nes.
612 3130 761 3201 Matura
788 3120 1013 3223 responsum,
1049 3125 1226 3224 nullisque
1252 3152 1359 3224 parce
1385 3129 1581 3222 sumtibus,
1615 3152 1657 3203 ut
1675 3157 1764 3205 con·

450 3276 478 3319 „
500 3223 565 3300 stet
584 3227 669 3322 quid
689 3227 733 3299 dc
752 3227 811 3298 Te
829 3224 993 3320 polliceri
1013 3222 1115 3295 nobis
1132 3224 1310 3319 poffimus.
1350 3229 1392 3300 ln
1412 3228 1482 3301 hoc
1500 3231 1594 3302 enim
1615 3229 1665 3300 tei
1684 3252 1763 3299 car·

451 3376 479 3416 „
498 3322 545 3394 do
564 3328 738 3413 vertitur,
766 3342 807 3394 ut
826 3347 869 3394 ne
887 3319 989 3393 nobis
1007 3319 1105 3391 defis.
1148 3325 1244 3395 Rem
1265 3324 1343 3396 satis
1364 3327 1547 3420 intelligis.
1584 3329 1685 3419 Age,
1712 3328 1763 3396 mi

452 3469 480 3511 „
501 3418 629 3511 frater,
655 3421 753 3516 quod
773 3439 849 3492 tota
869 3415 986 3490 nostra
1004 3414 1087 3487 urbs
1105 3415 1166 3487 abs
1185 3421 1244 3489 Te
1262 3420 1442 3515 expcdlat.
1478 3424 1595 3491 Mitto
1609 3420 1762 3491 conclu·

449 3557 479 3607 „
501 3510 611 3585 fiones
638 3517 794 3609 nostras,
829 3537 870 3589 ut
898 3540 963 3612 pro
991 3511 1140 3583 arbitrio
1162 3536 1217 3585 eas
1233 3536 1382 3610 augeas,
1410 3519 1450 3587 iis
1468 3516 1622 3606 adimas,
1648 3541 1762 3613 appo·

451 3664 479 3707 „
499 3632 569 3680 nas.
597 3613 731 3704 Opetae
751 3616 856 3686 etiam
877 3617 944 3686 erit
964 3611 1147 3709 pretium,
1171 3630 1212 3683 ut
1232 3609 1399 3705 publicE,
1426 3636 1546 3683 eornm
1568 3614 1761 3712 Magistra·

450 3725 536 3803 „tu
558 3707 594 3776 ὅ(
615 3708 725 3781 Clero
746 3710 933 3802 Betnensr,
961 3706 1100 3799 causas,
1125 3731 1206 3803 quae
1226 3709 1316 3780 Tibi
1336 3706 1484 3782 Badenfi
1503 3708 1689 3809 colloquio
1708 3716 1762 3788 in·

452 3860 479 3901 „
498 3802 621 3875 terelle
640 3828 710 3875 non
731 3810 986 3900 permiserunt,
1011 3830 1181 3903 exponas.
1215 3806 1379 3878 Tandem
1402 3806 1535 3880 indicat
1553 3810 1763 3911 Zwioglio,

452 3958 480 4002 „
501 3900 756 4000 Magistratum
783 3906 888 3979 etiam
916 3904 1152 3996 Bernensem,
1179 3905 1364 4000 Tigurino
1383 3907 1591 4003 negotium,
1618 3912 1654 3985 ὃ(
1673 3938 1763 3985 con·

731 4082 734 4089 ,
1051 4002 1122 4073 Vv
1153 4021 1169 4097 3
1640 4060 1667 4101 „
1684 4011 1763 4081 clu·

493 4139 542 4218 (a)
568 4134 777 4200 Manifestum
795 4135 857 4214 eil,
881 4156 979 4219 quant
996 4137 1115 4202 alludat
1132 4137 1281 4203 Hallerus
1297 4140 1335 4204 ad
1353 4144 1500 4209 locorum
1516 4143 1644 4209 nomina
1661 4163 1765 4227 quum

452 4216 723 4305 oecolampadius
748 4217 881 4294 Badenst
906 4218 1116 4301 Disputationi
1137 4220 1224 4289 solus
1240 4223 1441 4312 iuterfuiffet,
1464 4244 1558 4314 atque
1575 4243 1610 4295 ut
1627 4227 1765 4311 Zttiug·

452 4302 511 4369 lius
527 4304 676 4386 Berneast
690 4301 861 4388 interesset,
885 4298 1007 4370 necesse
1020 4304 1187 4387 judiearet.
1238 4357 1249 4378 .
