4442 5150
432 666 598 764 nmo.
764 665 804 743 R
852 665 886 741 E
935 664 978 740 N
1027 665 1066 742 0
1107 665 1154 742 *V
1202 665 1237 742 Α
1284 667 1324 742 Τ
1372 668 1426 744 Ι.4
1673 692 1744 774 315

430 826 496 900 per
532 799 802 899 typographum
837 800 1020 897 'ligurum
1055 798 1316 891 mittebantur,
1358 805 1626 900 interceperunt
1650 805 1742 906 Pagi

430 901 639 989 Pontificii‚
673 921 780 994 atque
806 920 843 969 re
869 900 905 968 in
926 899 1217 970 deliberationem
1237 898 1356 990 missa,
1383 903 1561 999 querelam
1579 902 1741 979 adversus

427 999 526 1070 hunc
559 996 721 1069 libellum
758 996 795 1068 ὅ(
831 993 992 1068 adversus
1019 996 1236 1093 Capitonem
1264 995 1514 1071 instituendam
1541 1001 1740 1077 decernunt

426 1096 521 1190 apud
550 1098 721 1169 Senatum
752 1091 1073 1190 Argentinensem‚
1117 1095 1214 1188 quod
1239 1095 1276 1165 in
1301 1093 1398 1167 dislo
1425 1094 1548 1170 libello
1575 1099 1739 1175 adversus

425 1193 524 1266 Lud.
552 1195 683 1266 Berum
712 1190 950 1284 Praepositum
979 1189 1078 1263 suum
1098 1191 1262 1287 quaedam
1283 1191 1479 1265 reserantur
1496 1196 1613 1267 minus
1630 1220 1738 1291 vera,

425 1292 570 1387 ipseque
589 1291 746 1385 Capito,
773 1290 834 1384 qui
854 1313 920 1385 pro
939 1290 1015 1383 ejus
1032 1288 1170 1361 editore
1187 1290 1394 1384 haberetur,
1418 1289 1451 1363 se
1467 1291 1664 1365 immisceat
1683 1318 1739 1367 rc·
1876 1338 1885 1348 .

425 1389 492 1462 bus
518 1389 661 1478 alienis,
686 1386 841 1459 summos
861 1387 1087 1481 magistratus
1105 1388 1337 1480 criminetur,
1364 1391 1401 1462 &
1421 1389 1604 1462 turbarum
1623 1389 1737 1466 ansam

423 1486 651 1583 suppeditet:
689 1484 775 1582 Qua
800 1483 843 1555 de
867 1483 966 1555 causa
986 1483 1089 1557 simul
1107 1507 1251 1581 quoque
1269 1484 1312 1557 ad
1332 1486 1493 1559 Comitia
1509 1483 1661 1584 lmperii
1680 1513 1736 1563 re·

424 1582 565 1677 ferunt,
600 1607 681 1680 quae
702 1583 817 1677 Spirae
836 1601 1055 1677 congregata
1072 1603 1192 1674 erant,
1219 1602 1261 1655 ut
1279 1584 1391 1656 velint
1410 1585 1557 1680 imperii
1577 1586 1736 1660 Ordines

424 1670 462 1752 in
486 1683 537 1753 bis
557 1680 655 1754 bono
675 1681 824 1776 publico
843 1679 1064 1774 prospicere:
1102 1679 1241 1752 Interea
1257 1680 1342 1752 dum
1363 1682 1442 1753 haec
1460 1704 1638 1778 aguntur,
1664 1683 1735 1756 Fa·

423 1778 488 1851 ber
522 1779 622 1849 illum
659 1778 821 1849 libellum
857 1797 927 1848 una
960 1801 1043 1848 cum
1080 1771 1271 1873 Capitonis
1297 1778 1335 1852 &
1360 1779 1511 1852 aliorum
1538 1780 1580 1852 ad
1606 1782 1734 1854 Zwin·

421 1876 541 1971 glium
558 1875 696 1971 scriptis
714 1872 873 1971 epistolis
890 1872 993 1945 edere
1010 1894 1118 1970 atque
1136 1878 1172 1946 in
1184 1877 1433 1949 Germanicam
1449 1878 1608 1976 linguam
1620 1899 1736 1953 trans·

420 1972 569 2046 fundere
589 1979 638 2067 (a)
666 1973 725 2046 sed
751 1968 893 2070 peffima
919 1971 990 2043 fide
1017 1971 1251 2068 instituebat,
1284 1998 1414 2046 novam
1442 1976 1478 2046 in
1504 1977 1734 2072 Zwinglium

421 2073 619 2168 conjiciens
637 2071 874 2160 calumniam,
900 2068 995 2165 quafi
1015 2071 1043 2142 is
1061 2095 1133 2142 non
1150 2072 1248 2145 ausus
1267 2071 1385 2145 suisset
1403 2097 1629 2169 comparere,
1649 2099 1734 2148 cum

419 2189 538 2243 tamen
557 2194 616 2262 40.
640 2169 779 2241 obfides
798 2166 863 2262 ipsi
883 2166 1039 2262 promissi
1056 2167 1200 2242 fuissent
1219 2170 1299 2264 (b);
1330 2171 1463 2264 Neque
1481 2192 1600 2244 autern
1620 2171 1734 2269 Capi·

419 2286 481 2360 to,
515 2287 592 2340 tum
621 2269 724 2365 cujus
751 2263 938 2362 praecipue*
962 2268 1037 2360 jam
1065 2290 1118 2338 res
1143 2268 1201 2365 agi
1229 2267 1441 2359 videbatur,
1467 2270 1732 2343 conticescere:

419 2365 519 2437 Nam
547 2369 576 2438 is
603 2362 725 2458 primb
750 2364 846 2461 apud
864 2367 1034 2435 Senatum
1054 2360 1161 2435 semet
1179 2366 1393 2458 exculpere,
1420 2364 1518 2459 quod
1537 2390 1603 2438 nec
1621 2364 1734 2439 libelli

418 2462 544 2536 auslor
560 2461 667 2553 esset,
694 2486 761 2532 nec
779 2463 885 2533 etiarn
906 2461 1000 2534 illius
1018 2458 1250 2557 impressionis
1269 2482 1504 2558 procurator,
1528 2486 1731 2560 quanquam

418 2564 526 2634 etiam
553 2557 729 2655 impedire
756 2558 793 2632 id
819 2557 1024 2633 institutum
1051 2557 1272 2655 typographi
1300 2558 1479 2651 noluerit,
1508 2559 1583 2658 quo
1603 2562 1735 2636 Ponti·

419 2657 523 2729 ficios
559 2658 601 2728 ad
637 2656 792 2753 ipsorum
822 2656 1025 2730 Auslotum
1055 2657 1250 2729 editionem
1280 2657 1345 2729 hac
1371 2657 1506 2729 ratione
1532 2660 1732 2747 invitaret:

420 2754 603 2849 Deinceps
631 2755 747 2827 literas
773 2755 854 2827 dare
879 2757 922 2827 ad
949 2754 1046 2827 Lud.
1071 2756 1200 2826 Berum
1227 2754 1303 2847 (c),
1338 2779 1446 2851 porro
1476 2753 1519 2826 ad
1547 2756 1732 2830 Helvetiae

418 2853 612 2927 duodecim
641 2876 751 2950 pagos
775 2854 829 2948 (d)
866 2854 904 2928 &
930 2853 1083 3024 denique
1109 2853 1153 2925 ad
1179 2854 1414 2926 Conventum
1441 2850 1624 2925 Ordinum
1654 2854 1732 2964 lm·

1063 2974 1128 3024 rr.
1638 2974 1730 3049 pern

459 3149 507 3228 (a)
527 3145 659 3213 Titulus
678 3149 746 3213 libri
763 3149 802 3211 ita
817 3147 848 3210 se
860 3148 947 3211 habet
956 3147 1038 3230 apud
1047 3147 1133 3213 ΗΝ.
1145 3148 1175 3213 d.
1185 3146 1326 3212 Hardtin
1336 3144 1529 3233 Autogr.T.
1542 3146 1602 3212 ΙΙΙ.
1621 3160 1729 3229 p.r39.

419 3226 512 3294 Neue
537 3232 676 3319 Zeitung
693 3233 760 3296 und
773 3230 933 3295 her'mliche
949 3232 1214 3297 wanderbarlicbe
1233 3231 1465 3319 Offenbahrung
1481 3230 1608 3295 etlicher
1616 3225 1731 3308 sochen

420 3320 486 3374 und
500 3314 656 3401 hanellung
667 3320 701 3396 so
711 3315 779 3394 fich
795 3315 858 3393 anf
867 3317 924 3376 den
940 3331 973 3375 ta
994 3339 1009 3375 e
1026 3316 1080 3377 der
1096 3338 1140 3381 zu
1157 3318 1265 3378 Badera
1282 3318 1315 3378 in
1332 3316 1461 3401 Ergau,
1484 3338 1544 3376 von
1560 3313 1618 3373 den
1634 3308 1731 3371 Send·

419 3395 504 3455 boten
530 3401 582 3459 der
611 3420 659 3462 12.
688 3412 770 3463 o'rter
795 3400 849 3461 der
866 3398 953 3462 Loll.
969 3337 1223 3483 {ydgenoffchaft
1239 3398 1303 3476 aarf
1311 3399 1368 3459 den
1387 3402 1437 3460 26.
1457 3391 1523 3479 Tag
1540 3395 1591 3454 des
1607 3389 1730 3453 Brach-

419 3494 535 3536 monars
553 3482 640 3543 Anno
653 3485 744 3561 1526.
764 3482 908 3568 gchalten
924 3482 1066 3561 worden,
1091 3498 1281 3566 zugetragen
1298 3482 1364 3543 und
1375 3482 1409 3541 be
1432 3481 1503 3541 eben
1519 3476 1583 3537 hat.
1614 3473 1648 3539 V
1645 3496 1728 3537 orre-

418 3558 454 3619 de
481 3557 554 3637 va.
573 3561 664 3627 Fabri
681 3565 823 3629 Denaris
840 3591 880 3629 am
896 3566 1042 3649 Bairgrrn
1059 3565 1126 3625 und
1139 3564 1224 3626 Itala
1241 3565 1294 3625 der
1311 3563 1400 3625 stadt
1441 3560 1569 3649 reyburg
1585 3558 1618 3618 in
1634 3558 1729 3622 Bris·
1857 3577 1861 3583 “

411 3664 477 3743 gau
508 3646 598 3743 15264
622 3666 652 3726 4.
704 3648 757 3746 De
794 3650 923 3734 peffima
959 3647 1165 3712 translationis
1204 3646 1318 3744 fabrilis
1358 3644 1420 3707 fido
1458 3644 1603 3723 exempla
1636 3642 1730 3709 refert

421 3724 714 3797 LWleLlUS
741 3754 771 3797 tn
796 3733 895 3818 Oper.
921 3732 1024 3798 Tom.
1042 3734 1085 3799 ll.
1108 3732 1168 3797 fol.
1188 3729 1259 3813 598.
1292 3744 1324 3793 rt.
1346 3725 1595 3793 HOTTlNG.
1620 3726 1663 3793 K.
1682 3727 1727 3794 G.

415 3828 625 3999 pallislolanc
643 3904 834 3969 calumniam
851 3908 881 3973 in
898 3905 993 3993 Resp.
1006 3908 1066 3973 lll.
1084 3906 1123 3972 ad
1134 3906 1274 3971 Fabrum
1283 3901 1419 3968 retundit
1429 3899 1568 3969 ZWIN
1572 3898 1726 3969 GLIUS

416 3983 508 4149 Old)
536 3985 880 4155 lladlexfoalutlslgsaplro
900 4071 1167 4138 CAPITONIS
1188 4070 1292 4137 MSS.
1317 4072 1404 4153 quod
1421 4092 1470 4136 eas
1489 4070 1645 4157 impressas
1663 4085 1728 4133 non

415 4157 559 4219 noverim
584 4154 823 4221 communicare
845 4156 884 4219 ad
901 4158 1017 4221 horum
1033 4157 1196 4220 annalium
1213 4157 1311 4221 finetn
1329 4155 1399 4223 No.
1418 4156 1534 4223 XVll.
1567 4152 1727 4221 constitui·

416 4253 499 4298 murs.
542 4295 544 4300 ,

458 4321 511 4400 (d)
536 4343 567 4385 v.
585 4318 834 4391 HOTTING·
859 4319 958 4386 Helv.
983 4322 1026 4387 K.
1047 4322 1090 4391 G.
1114 4345 1144 4407 p.
1164 4340 1234 4408 329.
