4442 5150
442 650 612 750 ama
776 638 1414 726 nnuovast
1684 677 1750 755 ιη

440 779 561 855 verbis
578 779 724 854 Isaurico
741 777 1008 852 Oldershemio.
1034 778 1136 849 Tum
1148 778 1364 858 Laurentius
1383 779 1490 853 verba
1505 779 1621 855 facere
1632 783 1750 878 orsus,

356 920 362 928 -
440 899 486 952 ut
501 877 523 949 a
539 876 574 951 se
592 875 740 948 aetionis
759 877 958 970 periculum
977 877 1014 949 &
1032 899 1122 947 onus
1140 898 1342 969 amoveret,
1360 879 1522 952 Praesidis
1541 879 1662 953 locum
1684 882 1750 956 libi

438 975 486 1048 ab
510 974 643 1049 Ulrico
668 971 856 1069 poposcit,
891 997 974 1046 cum
1001 973 1175 1066 potestate
1198 974 1404 1066 judicandi,
1438 997 1588 1049 caeteros
1613 978 1749 1052 autores

439 1072 509 1145 esse
534 1072 665 1144 voluit.
710 1070 779 1143 Sed
806 1094 890 1142 cum
918 1069 1089 1164 repulsam
1109 1068 1263 1161 tulisset,
1289 1095 1331 1142 ac
1349 1071 1484 1143 dietum
1503 1075 1536 1145 ei
1554 1073 1659 1168 esset,
1680 1075 1751 1172 soli
1765 1092 1775 1099 '

439 1171 514 1243 Dei
530 1173 630 1242 verbo
646 1174 682 1240 in
700 1171 763 1240 bur
778 1169 988 1261 rejudicium
1000 1169 1275 1259 permittendum,
1297 1170 1370 1262 jam
1389 1171 1499 1240 latino
1515 1169 1674 1245 sermone
1692 1175 1749 1245 lo·

439 1288 551 1363 quens
577 1264 793 1362 postulavit,
829 1282 867 1336 ut
888 1268 1027 1358 populus
1047 1263 1110 1354 (stc
1129 1266 1222 1335 enim
1244 1265 1400 1352 dicebat)
1419 1269 1462 1336 ab
1478 1272 1603 1339 aeliane
1617 1269 1747 1358 submo-

437 1377 588 1439 veretur.
633 1363 683 1434 Et
710 1365 871 1457 quamvis
896 1361 939 1431 ab
970 1361 1158 1456 tlportano
1177 1360 1351 1433 refutatus
1369 1363 1512 1435 inllaret
1530 1361 1671 1455 denuo,
1698 1366 1748 1436 sa·

438 1482 587 1555 erasque
608 1462 775 1554 Συζητηαας
792 1456 949 1552 profanis
968 1458 1218 1550 imperitorum
1237 1459 1380 1529 auribus
1398 1483 1470 1530 non
1489 1458 1749 1555 prostituendas

440 1555 698 1648 contenderet,
725 1575 843 1627 tamen
860 1554 950 1627 nihil
970 1556 1187 1649 impetravit.
1215 1550 1376 1626 Demirm
1397 1556 1468 1629 hoc
1485 1557 1585 1653 egit,
1603 1558 1750 1633 utastiti

439 1653 505 1730 suo
531 1655 692 1728 Reinero
720 1671 835 1749 partes
862 1650 1004 1725 dicendi
1032 1650 1286 1724 tribuerentur.
1330 1654 1398 1725 Sed
1419 1654 1478 1725 hic
1494 1676 1638 1750 quoque
1656 1659 1749 1750 reje-

437 1750 517 1826 ἂιιι
533 1753 570 1824 in
589 1774 727 1824 arenam
747 1751 949 1822 certaminis
967 1747 1111 1820 tandem
1128 1746 1201 1845 ipsc
1219 1749 1427 1823 descendere
1444 1750 1580 1829 necesse
1598 1754 1745 1826 habuit:

373 1892 376 1896 ·
439 1850 645 1945 excipiente
662 1843 750 1919 ver'b
770 1839 905 1942 prelis,
932 1847 1121 1918 &errores
1140 1845 1268 1918 crassos
1286 1849 1465 1941 aperiente
1481 1855 1676 1942 Apertam,
1702 1851 1758 1941 lif

439 1966 499 2021 cet
525 1943 665 2019 strenue
691 1944 866 2040 suppetias
893 1945 925 2014 ei
952 1940 1060 2035 serpet
1087 1946 1271 2035 Reinerus,
1306 1967 1424 2017 tamen
1442 1948 1598 2042 turpiter
1613 1948 1749 2044 ubique

438 2043 625 2136 concidit,
661 2043 698 2115 δι
727 2043 920 2113 vanitatem
948 2039 1065 2130 suam,
1099 2061 1161 2110 aut
1183 2044 1303 2136 potius
1321 2041 1493 2114 vesaniam
1513 2045 1549 2115 in
1567 2045 1748 2118 theatrum

468 2139 652 2215 roduetam
671 2136 808 2211 cunsiis
827 2137 1058 2234 praesentibus
1075 2135 1304 2210 deridendam
1323 2140 1543 2235 propinavit.
1586 2140 1647 2214 Sic
1666 2143 1747 2215 col·

440 2165 602 2336 ioquium
620 2236 800 2328 solutum,
826 2234 1036 2332 confusique
1053 2257 1197 2325 omnes,
1223 2238 1286 2330 qui
1304 2237 1361 2309 vel
1383 2236 1616 2310 interfuerant
1634 2238 1747 2311 autio-

440 2335 500 2430 ni,
528 2337 584 2411 vel
602 2336 647 2408 de
664 2359 703 2406 ea
720 2334 954 2424 audiverunt,
981 2333 1130 2428 papani:
1158 2336 1281 2405 eaeteri
1300 2330 1387 2405 verb
1407 2335 1442 2404 in
1460 2333 1534 2407 fide
1551 2333 1746 2410 confirma·

440 2433 492 2527 ti,
509 2434 615 2508 multi
636 2430 801 2505 haetenus
819 2430 918 2520 dubii
936 2455 976 2502 ae
996 2428 1218 2520 haesitantes,
1239 2429 1459 2503 Reformatis
1476 2429 1657 2528 adjunsli:
1681 2436 1746 2506 l’a·

437 2531 573 2629 pismus
598 2532 709 2626 magis
733 2528 917 2625 magisque
943 2546 1019 2601 tota
1036 2549 1076 2599 ea
1093 2528 1241 2623 regione
1259 2525 1389 2602 soetere
1407 2530 1537 2627 coepit.
1569 2531 1630 2604 At
1647 2531 1747 2605 Lau·

437 2630 597 2719 tentius,
630 2650 673 2698 ne
697 2649 768 2698 non
791 2627 1007 2699 monachum
1027 2621 1059 2696 se
1076 2623 1354 2716 demonstraret,
1379 2626 1442 2696 ubi
1461 2629 1609 2699 domum
1626 2652 1747 2701 rever·

439 2726 513 2818 tit,
542 2726 581 2796 in
599 2722 831 2797 concionibus
850 2723 893 2795 ad
911 2721 1087 2819 populum
1105 2720 1300 2815 dejeravit,
1326 2716 1398 2793 late
1417 2718 1450 2794 se
1468 2722 1613 2815 vicisse,
1639 2724 1747 2796 adeo·

440 2843 511 2916 que
528 2846 569 2895 os
588 2818 763 2893 obturasse
780 2821 946 2893 omnibus
964 2816 1185 2890 adversariis:
1212 2841 1296 2911 eos,
1313 2818 1429 2910 dixit,
1449 2821 1603 2892 Mariam
1622 2822 1747 2893 erolum

437 2923 521 2993 uilis
529 2920 638 3014 scorti
652 2918 757 3013 instar
773 2919 915 3009 hubae,
934 2942 1028 2990 coenae
1037 2918 1222 2989 Dominicae
1232 2916 1478 3012 [estrumentum
1496 2921 1631 2991 minaris
1646 2941 1747 3014 quant

437 3022 559 3092 elixum
585 3035 683 3111 caput
704 3023 796 3109 porci
822 3016 1004 3109 aeflimare,
1040 3016 1208 3107 Christum
1232 3017 1346 3089 Deum
1370 3039 1434 3087 nun
1444 3014 1602 3109 statuere.
1646 3015 1746 3114 Qtae

437 3137 520 3188 cum
539 3112 764 3212 cognovisset
777 3112 927 3186 Ulricus
940 3114 1217 3205 Dornumanus,
1243 3114 1285 3185 ad
1306 3112 1515 3186 frenandum
1534 3138 1574 3188 os
1592 3133 1663 3187 tam
1682 3137 1745 3186 na·

438 3214 531 3287 viter
552 3211 762 3308 impudens,
789 3211 825 3283 &
844 3210 1007 3284 exultans
1025 3210 1250 3283 mendacium
1270 3212 1558 3308 reprimendum,
1581 3212 1624 3284 ad
1640 3215 1745 3287 Sena·

438 3326 510 3382 tum
531 3315 745 3407 populumque
774 3311 1049 3404 Grunirrganum,
1092 3312 1151 3380 cui
1178 3306 1252 3404 ipse
1278 3307 1473 3382 notilsrmus
1499 3330 1593 3398 erat,
1628 3309 1747 3380 literas

439 3404 559 3502 dedit,
576 3428 683 3503 atque
702 3403 828 3478 ordine
846 3407 882 3478 ὃ(
902 3424 1034 3477 eventu
1048 3405 1237 3502 Colloquii
1255 3403 1421 3479 accurate
1438 3404 1605 3499 expofito
1624 3404 1746 3474 horta·

440 3526 495 3578 tus
521 3504 664 3578 eosdem
689 3502 762 3594 est,
795 3522 836 3574 ut
865 3502 901 3574 id
928 3525 1039 3598 genus
1067 3503 1278 3592 hominum,
1310 3524 1383 3574 tam
1403 3497 1556 3595 projesli
1575 3496 1746 3595 pudoris,

439 3621 512 3674 tam
540 3601 713 3688 mendax,
748 3599 977 3696 improbum,
1003 3598 1128 3671 animis
1143 3599 1309 3690 exitiale,
1335 3597 1521 3669 &civitate
1537 3594 1747 3673 exturbent.

442 3695 513 3768 Sed
530 3697 639 3770 surdis
657 3696 787 3769 fabula.
814 3698 1027 3771 Cucullatos
1044 3697 1139 3768 enim
1158 3715 1303 3790 tangere
1320 3694 1383 3766 sub
1402 3692 1566 3790 principe
1582 3692 1746 3788 Geldro,

440 3793 481 3866 &
504 3788 750 3888 superstitione
776 3793 892 3867 adbuc
920 3798 956 3865 in
981 3792 1071 3865 urbe
1097 3793 1328 3883 dominante,
1363 3814 1469 3861 nemo
1496 3790 1669 3866 audebat:
1705 3792 1746 3868 &

440 3891 613 3989 quicquid
641 3891 711 3962 tale
736 3916 803 3987 pro
821 3892 956 3966 tuendo
975 3889 1159 3986 religionis
1178 3911 1325 3984 papanae
1346 3886 1434 3961 llatu
1456 3884 1575 3963 airasrs
1593 3890 1744 3963 vertici·

439 3988 505 4062 bus
525 3987 841 4082 committebatur,
869 3988 904 4061 id
923 4011 1123 4085 quanquam
1143 3986 1277 4058 notorii
1296 3985 1479 4167 flagiti&
1500 3997 1571 4059 non
1590 3985 1745 4059 ferenda

439 4086 682 4182 improbitatis
708 4085 821 4179 esset,
855 4106 974 4159 tamen
1000 4085 1041 4156 iis
1066 4081 1174 4157 facile
1201 4083 1407 4157 condonaba
1478 4136 1491 4175 ,
1523 4106 1629 4180 atque
1653 4080 1744 4155 adeb

441 4181 519 4258 Zeli
553 4208 698 4285 quoque
733 4186 879 4259 nornine
913 4181 933 4256 a
970 4180 1321 4375 popeqlo3errotibus
1346 4181 1514 4259 fascinato
1540 4178 1746 4353 ornalpptuq.

1494 4362 1496 4365 .
1670 4299 1719 4372 Pu
