4442 5150
464 633 632 729 nnn.
711 649 715 657 ·
824 621 1040 703 unu
1088 626 1127 702 o
1175 625 1385 704 vnr
1433 628 1465 703 r.
1706 578 1784 736 ³23³

460 786 593 862 magna
619 759 690 834 fuit
713 753 915 855 frequentia
939 777 1064 831 eorum
1091 759 1153 854 qui
1170 756 1277 832 sacrae
1295 759 1560 835 communionis
1578 757 1773 840 sacramen-

462 858 626 937 tum'sub
645 878 726 930 utra
752 880 795 929 ue
812 856 929 953 specie
944 877 988 927 ex
1008 852 1186 931 Occolam
1215 857 1286 930 adii
1303 881 1411 930 manu
1426 859 1634 949 sumebant3
1669 863 1774 939 Tum

459 984 549 1033 vero
576 956 704 1053 reliqui
726 881 927 1027 lacerdotes
944 954 1160 1050 importunis
1206 954 1463 1053 agitationibus
1481 957 1573 1031 banc
1591 957 1774 1035 licentiam

457 1057 586 1155 lingua
610 1053 800 1130 vernacula
817 1050 966 1124 canendi
983 1050 1138 1124 Psalmos
1155 1051 1345 1146 incessere,
1370 1072 1477 1149 atquc
1494 1055 1531 1125 id
1549 1079 1694 1152 operam
1712 1060 1774 1134 da·

455 1178 521 1248 re,
555 1172 598 1225 ut
618 1171 743 1225 cantus
761 1150 815 1222 illi
834 1147 1016 1222 vernaculi
1037 1147 1204 1246 fingulari
1222 1151 1372 1225 Senatus
1389 1149 1581 1224 interdisto
1600 1155 1772 1250 prohibe·

458 1272 605 1342 rentur,
639 1248 698 1322 sed
724 1245 918 1339 incallum,
944 1245 1233 1343 quandoquidem
1251 1248 1409 1346 populus
1424 1250 1463 1320 in
1480 1250 1558 1322 aede
1578 1251 1616 1323 S.
1636 1252 1771 1326 Marti-

456 1351 496 1423 ni
524 1366 766 1445 congregatus
785 1338 860 1418 tion
876 1343 1040 1417 obstante
1057 1343 1273 1439 interdidlo,
1298 1345 1425 1442 sponte
1441 1344 1521 1440 l'ua,
1545 1348 1652 1421 etiam
1671 1365 1770 1424 ante-

458 1471 565 1545 quam
584 1445 708 1517 Pastor
727 1445 917 1540 quicquam
936 1439 1150 1534 monuisset,
1176 1444 1327 1540 hymnos
1345 1439 1422 1517 suos
1442 1444 1565 1541 lingua
1581 1449 1773 1522 vernacula

457 1545 628 1617 inchoare
645 1563 752 1640 atque
769 1543 806 1614 in
824 1541 950 1614 iisdem
968 1539 1196 1640 decantandis
1214 1542 1455 1628 continuares
1466 1538 1772 1640 oecolampadius

458 1663 577 1714 autem
604 1641 773 1734 deinceps
801 1636 971 1736 lingulati
998 1634 1134 1733 scripto
1161 1638 1333 1712 Senatum
1353 1658 1477 1714 monet
1494 1660 1602 1738 atquc
1617 1642 1772 1737 edocet,

486 1763 565 1811 uam
592 1737 782 1835 spiritualis
807 1735 951 1810 laudum
980 1732 1054 1807 Dei
1070 1735 1297 1830 decantatio,
1323 1735 1408 1810 ellet
1425 1763 1448 1808 o
1477 1762 1516 1811 us
1532 1739 1769 1837 angelorum,

457 1764 602 1932 lpiritus
628 1837 824 1928 recreatio,
859 1832 1018 1907 medium
1044 1833 1228 1907 excitandi
1254 1835 1436 1908 animosa
1487 1861 1631 1932 preces,
1667 1838 1769 1916 &ad

457 1934 680 2006 auditionem
704 1932 827 2025 verbi,
862 1933 906 2003 ad
929 1928 1029 2026 quod
1055 1953 1128 2002 uon
1156 1930 1398 2006 Ecclefiastici
1425 1931 1538 2006 solum
1565 1932 1622 2007 l'ed
1650 1937 1769 2033 quivis

455 2032 564 2105 ctiam
585 2032 635 2127 (a)
656 2030 728 2105 fine
745 2031 821 2122 ullo
839 2029 1046 2103 discrimine
1062 2025 1185 2102 fideles
1205 2028 1273 2105 bnt
1289 2030 1411 2104 vocati
1429 2032 1467 2107 ἃ
1485 2029 1670 2121 οδῆτὶἂὶ;
1699 2035 1770 2109 At·

454 2131 614 2227 quehoc
632 2129 737 2227 paeto
756 2131 853 2227 prius
870 2127 1057 2201 decretum
1074 2124 1127 2200 est
1144 2126 1320 2205 rescissum
1341 2130 1379 2204 bt
1397 2129 1564 2227 publicus
1582 2131 1769 2227 Hymmo·

454 2251 533 2302 rum
551 2226 729 2301 sacrorum
749 2246 896 2318 cantus,
923 2223 1140 2322 prohibente
1157 2229 1297 2299 nemine
1320 2228 1487 2301 invaluit.

457 2365 460 2369 ,
502 2325 644 2399 Eodem
672 2328 743 2399 hoc
769 2347 936 2422 tempore
959 2323 1161 2417 Bafileenses
1186 2318 1404 2421 legationem
1428 2322 1548 2397 fecisse
1565 2322 1770 2402 referuntur

455 2422 500 2495 ad
528 2424 686 2516 reliquos
704 2423 859 2494 Badenae
876 2439 1138 2517 congregatos,
1165 2421 1238 2517 qui
1256 2441 1296 2495 ut
1315 2420 1380 2503 fibi
1399 2419 1575 2494 Ad'torum
1596 2422 1770 2520 Disputa-

453 2522 564 2595 tionis
591 2516 759 2590 Badenfis
786 2515 957 2614 inspeeiio
982 2517 1262 2614 concederetur,
1296 2517 1545 2616 postulabant,
1580 2517 1638 2595 sed
1664 2522 1770 2597 irrito

453 2636 619 2702 conatu3
663 2615 777 2711 Quod
804 2616 919 2714 ipsum
947 2640 1031 2689 curn
1057 2616 1239 2714 Bernenses
1263 2641 1337 2690 non
1362 2620 1479 2697 nunus
1506 2619 1619 2692 irrito·
1634 2641 1770 2695 conatu

454 2705 697 2810 postularent,
730 2738 770 2787 ca
795 2740 848 2789 res
875 2716 913 2788 in
937 2714 1130 2812 Evangelii
1149 2712 1246 2789 cellit
1264 2716 1550 2807 incrementum3
1578 2717 1771 2791 Beruenses

453 2815 550 2887 enim
570 2810 679 2913 pauli>
699 2812 778 2910 post
797 2838 928 2888 novam
946 2814 984 2887 in
1001 2812 1229 2985 suascqvitatc
1245 2812 1439 2888 decernere
1456 2815 1771 2987 Disputatigcnqm,

899 2972 905 2983 .
1137 2933 1159 2984 r.
1729 2937 1767 2987 a·

494 3044 543 3123 (a)
569 3040 650 3107 Sunt
668 3040 789 3128 egregia
805 3038 989 3107 ERASMI
1006 3041 1038 3106 in
1054 3037 1114 3127 Ep.
1130 3040 1170 3107 ad
1186 3041 1285 3109 Hadr.
1297 3039 1359 3108 Vl.
1377 3040 1413 3106 Ρ.
1430 3037 1474 3109 R.
1492 3040 1552 3127 Ep.
1569 3042 1681 3126 u.633.
1708 3041 1768 3108 fol.

452 3133 526 3208 723,
545 3141 617 3207 724.
641 3128 680 3191 de
699 3127 831 3193 Psalmis
849 3127 956 3211 lingua
971 3131 1143 3191 vernacula
1158 3127 1303 3193 canendis
1320 3129 1433 3192 verba:
1457 3176 1480 3210 „
1497 3125 1621 3192 Dixerit
1636 3128 1768 3209 aliquis,

397 3231 400 3236 ·
452 3254 475 3288 „
494 3210 569 3292 quid
587 3212 719 3277 venitin
736 3225 878 3276 mentem
896 3210 1061 3295 Arnobio,
1083 3212 1154 3277 viro
1170 3212 1409 3294 facundissimo,
1433 3228 1467 3278 ut
1482 3214 1539 3278 hos
1555 3212 1769 3277 Commenta·

452 3295 551 3370 „rios
571 3296 700 3380 plebejae
719 3298 833 3379 lingua
851 3293 1052 3376 committere
1068 3297 1228 3362 voluerit?
1254 3296 1419 3380 Primum,
1442 3299 1522 3361 olim
1539 3297 1612 3361 nibil
1630 3308 1694 3358 erat
1708 3311 1767 3375 po·

422 3441 430 3458 .
454 3421 476 3453 ‚‚
494 3380 629 3458 pularius
652 3380 787 3460 Psalmis
805 3377 991 3459 Daoidicis,
1013 3378 1095 3443 adeb
1114 3394 1148 3442 ut
1162 3381 1234 3444 hinc
1251 3380 1282 3444 bt
1296 3394 1398 3445 arator
1413 3380 1532 3463 aliquid
1548 3377 1768 3442 modularetur

454 3502 476 3537 „
494 3459 532 3519 ad
558 3459 684 3544 stivam,
717 3464 746 3528 ἅ
771 3467 938 3528 nauclerus
954 3464 993 3526 ad
1009 3465 1160 3543 clavum,
1185 3459 1215 3527 dr
1233 3477 1325 3527 nauta
1340 3464 1378 3526 ad
1396 3481 1540 3541 remum,
1566 3461 1595 3521 ὅ(
1613 3455 1766 3555 fofforad

455 3587 476 3619 „
494 3541 619 3623 glebam
636 3546 666 3607 de
683 3559 785 3610 terror
801 3547 841 3610 ad
858 3547 993 3625 stamen,
1017 3544 1048 3608 br
1064 3562 1145 3608 uror
1161 3547 1199 3610 ad
1215 3548 1347 3611 colum:
1378 3543 1529 3624 Denique
1545 3540 1676 3605 infantes
1693 3541 1766 3611 bruc

454 3624 611 3704 „aliquid
635 3628 777 3705 gestirent
802 3650 913 3696 cauere
936 3629 1067 3708 nutrici,
1092 3630 1275 3711 priusquam
1291 3629 1346 3693 fari
1362 3626 1494 3711 pollent.
1517 3623 1659 3690 'Tantus
1674 3645 1767 3691 amor

452 3707 570 3788 „olim
594 3707 719 3773 babebat
741 3731 853 3778 omnes
877 3715 988 3795 divinae
1012 3712 1105 3795 hujus
1129 3711 1283 3793 Musica,
1307 3731 1405 3793 quam
1422 3728 1508 3775 uunc
1524 3708 1666 3792 plerique
1681 3709 1766 3775 falli·

455 3839 478 3874 „
496 3792 586 3855 diunt
609 3793 702 3854 etiam
727 3795 910 3864 sacerdotes.
949 3799 1086 3862 Proinde
1101 3797 1206 3861 voluit
1223 3797 1383 3861 Aruobius
1399 3796 1436 3858 ab
1453 3794 1599 3858 omuibus
1615 3793 1765 3880 intelligi,

361 3937 366 3945 .
451 3924 474 3957 „
493 3876 580 3959 quod
606 3876 729 3938 videbat
746 3882 859 3943 cantari
874 3885 912 3947 ab
928 3885 1086 3948 omnibus.
1127 3880 1277 3945 Persualit
1292 3880 1353 3942 hoc
1369 3879 1416 3943 illi
1433 3877 1603 3943 Chrilliaua
1618 3880 1765 3962 charitas,

452 4008 474 4042 „
493 3981 562 4042 qua
582 3959 683 4024 lludet
699 3961 839 4042 prodesse
856 3969 1109 4052 quamplurimis.
1136 3964 1256 4029 Maluit
1272 3963 1445 4028 balbutiens
1462 3962 1628 4029 utilitatem
1644 3964 1765 4029 adferre

452 4093 472 4124 „
491 4045 619 4123 muln's,
652 4063 749 4127 quam
774 4048 963 4128 eloquentie
989 4050 1118 4113 laudem
1140 4048 1273 4112 aufferre
1287 4046 1368 4131 apud
1384 4068 1510 4131 paucos.
1551 4045 1593 4112 Et
1609 4050 1688 4112 banc
1705 4047 1766 4109 lin·

452 4176 474 4206 ‚,
490 4148 585 4210 guam
603 4134 788 4213 popularem
806 4127 835 4192 dt
853 4130 1066 4216 intelligebant
1082 4131 1211 4209 eruditi,
1229 4145 1263 4195 ut
1279 4152 1338 4197 nec
1354 4131 1415 4198 illis
1432 4134 1541 4219 periret
1556 4132 1677 4199 studius
1695 4149 1766 4212 my·

453 4241 477 4286 l,
495 4213 577 4277 llice.
597 4214 805 4301 cognitionis,
838 4234 905 4298 quo
928 4234 1081 4301 percepto,
1099 4233 1165 4282 uuu
1188 4229 1314 4301 oportet
1330 4219 1477 4285 orationis
1494 4220 1631 4305 phaleras
1647 4214 1766 4300 efflagi-

357 4336 361 4343 ·
454 4341 475 4379 „
495 4309 567 4361 tare.
586 4349 606 4381 „
