4442 5150
1104 593 1256 686 (116)

554 726 644 800 maie
655 718 827 798 conciliari
843 718 982 826 quidam
997 718 1119 794 sucum
1134 719 1274 814 saciant,
1288 745 1352 797 ceu
1370 747 1490 823 parum
1497 721 1619 800 Verbo
1627 723 1708 812 Dei,
1726 727 1822 824 quod

555 843 622 895 tam
634 819 826 896 constanter
842 816 1081 911 praedrcamus,
1105 813 1263 908 fidentes,
1285 835 1333 908 tc,
1355 841 1527 895 auttuum
1540 820 1642 913 illud,
1669 844 1820 894 nontam

555 916 731 990 laudatum
757 913 842 1000 tibi,
867 935 971 1006 quam
993 930 1116 984 notum
1137 909 1254 1003 nobis,
1289 913 1513 1007 satellitium,
1535 915 1821 1007 formidaremus,

553 1012 646 1086 unde
661 1009 738 1107 ipfis
756 1007 900 1083 suboriri
912 1005 1056 1103 suspicio
1074 1003 1204 1102 posset,
1225 1005 1339 1082 nostra
1349 1035 1418 1083 non
1432 1033 1499 1084 tam
1512 1031 1601 1085 certa
1611 1012 1697 1103 effe,
1717 1034 1823 1109 atque

554 1106 694 1180 cottidie
704 1103 932 1191 affirmamus,
955 1113 1069 1205 operae
1082 1100 1236 1196 precium
1248 1103 1431 1194 duximus,
1453 1130 1512 1202 pet
1524 1108 1583 1179 has
1596 1106 1721 1196 literas,
1749 1109 1819 1203 jam

553 1224 672 1298 pugna
691 1199 905 1274 instrudto&
926 1197 1068 1269 fervenu
1082 1195 1166 1284 tibi,
1191 1196 1326 1292 copiam
1342 1200 1450 1271 nostri
1468 1198 1612 1289 offerre,
1632 1221 1735 1300 atquc
1756 1202 1820 1274 ob·

554 1296 637 1369 nixe
652 1318 764 1386 orare,
790 1294 815 1370 st
838 1294 981 1383 credas,
1008 1290 1183 1363 malesanae
1203 1289 1371 1366 dodirinae
1393 1294 1551 1392 redargui
1571 1317 1634 1367 nos
1652 1295 1760 1391 posse,
1785 1298 1819 1370 id

553 1388 663 1466 facere
684 1389 950 1556 haudtpuaquam
971 1385 1138 1473 conteris,
1169 1393 1380 1485 impugnatae
1404 1388 1536 1485 anobis
1558 1386 1818 1484 superstitionis,

552 1485 615 1558 tibi
633 1505 732 1561 vetus
753 1485 873 1585 reigio
899 1501 1063 1571 vocatur,
1089 1496 1203 1554 tantus
1232 1481 1359 1555 rindex
1377 1485 1413 1557 ὃ(
1438 1505 1683 1582 propugnator.
1734 1488 1820 1560 Hoc

553 1580 566 1652 i
594 1580 667 1655 sum
679 1581 814 1675 secundo
829 1581 957 1678 (a)jam
968 1578 1025 1669 ‚&
1048 1599 1107 1673 per
1127 1575 1214 1647 hauc
1229 1576 1405 1671 epistolam
1422 1577 1622 1672 facimus,te
1633 1604 1695 1678 per
1710 1580 1820 1655 sacro·

568 1674 699 1749 andam
724 1676 868 1775 gloriam
881 1700 921 1749 ac
936 1668 1105 1770 quicquid
1125 1668 1269 1745 omnino
1289 1673 1430 1745 charum
1442 1673 1570 1765 habes,
1600 1674 1822 1767 obtestantes,

551 1770 734 1871 fidignum
747 1770 945 1844 existimasti
958 1789 1051 1842 tanto
1063 1766 1177 1840 studio
1196 1765 1288 1870 apud
1300 1767 1481 1841 Helvetios
1491 1792 1610 1867 agere,
1630 1791 1670 1845 ut
1682 1773 1743 1846 ista
1755 1796 1818 1846 vo·

553 1864 606 1940 bis
617 1871 752 1941 tandem
769 1864 953 1971 disputatio
976 1864 1132 1936 Badensts
1148 1859 1395 1952 institueretur,
1417 1863 1451 1936 in
1468 1864 1536 1938 hoc
1546 1865 1738 1942 adversatus
1751 1891 1821 1940 non

552 1959 665 2033 solum
685 1960 856 2033 sententrae
875 1978 944 2034 tuae
966 1956 1087 2054 ipfius,
1112 1956 1359 2058 quamlTiguri
1376 1959 1540 2047 tuebaris,
1561 1984 1631 2033 non
1644 1960 1745 2036 licere
1757 1962 1820 2035 nisr

552 2057 588 2127 in
604 2053 752 2154 generali
776 2053 935 2151 Synodo,
957 2055 1000 2128 de
1015 2052 1153 2150 negotio
1171 2049 1342 2151 tcbgionis
1362 2055 1550 2152 disputate,
1574 2053 1630 2130 sed
1648 2053 1823 2131 etiamde·

553 2153 653 2225 cretis
676 2153 750 2224 Ro.
774 2148 977 2240 Pontificis,
1004 2151 1105 2247 cujus
1123 2143 1308 2220 authoritas
1331 2146 1411 2222 alias
1432 2149 1497 2224 tibi
1521 2151 1709 2225 admodum
1732 2151 1822 2226 sacra

553 2246 619 2320 effe
633 2244 899 2336 soleauteditta
915 2243 1115 2341 Principum
1128 2263 1315 2332 taceamus,
1329 2240 1385 2317 hic
1399 2245 1433 2317 in
1449 2244 1555 2320 libera
1566 2247 1708 2343 Imperii
1718 2247 1823 2339 urbe,

553 2365 597 2416 ne
615 2341 698 2415 velis
719 2339 879 2414 ‘oblatum
905 2340 1061 2414 nostrum
1087 2337 1306 2438 congressum
1336 2339 1503 2436 respuere.
1552 2340 1824 2440 Qualescunque

553 2437 644 2512 eninr
660 2461 723 2510 nos
737 2438 871 2529 sumus,
892 2459 962 2510 non
983 2436 1085 2510 debes
1104 2433 1178 2510 sanc
1194 2454 1295 2511 tantae
1307 2433 1403 2508 urbis
1423 2435 1592 2528 salutem,
1613 2460 1721 2532 parvo
1732 2438 1824 2511 aesti·

554 2557 666 2626 mate,
684 2532 759 2610 Cui
775 2531 915 2611 cottidie
932 2530 1096 2607 irremisso
1110 2529 1242 2622 studio,
1263 2548 1303 2604 ut
1313 2527 1432 2605 cibum
1446 2550 1582 2607 aeternae
1597 2533 1679 2609 vitae
1695 2557 1824 2643 propo·

553 2631 688 2723 nimus,
712 2630 808 2727 quod
832 2648 871 2704 tu
886 2625 1178 2730 praesentiffimum
1205 2627 1359 2703 toxicum
1379 2625 1609 2704 calumniaris.
1657 2629 1825 2731 Venirgi·

555 2746 629 2819 tur,
650 2749 761 2825 acpet
776 2726 850 2800 Scri
876 2746 1004 2816 turam,
1022 2748 1090 2827 qua
1109 2723 1178 2799 sola
1196 2722 1371 2798 universos
1391 2721 1521 2802 veritati
1540 2726 1826 2818 contradicentes,

554 2820 829 2923 licetimaoprcor,
849 2750 1002 2919 bujus,fi
1016 2840 1129 2920 potes,
1152 2819 1204 2894 sac
1216 2820 1356 2894 Senatui
1376 2820 1413 2893 ἃ
1428 2821 1560 2918 populo
1572 2824 1690 2897 nostro
1701 2824 1823 2912 sidem,
1864 2875 1870 2883 -

554 2916 602 2992 fic
618 2920 764 3008 efficies,
786 2938 825 2991 ut
841 2919 974 2991 sumant
997 2919 1040 2989 dc
1064 2914 1165 2989 nobrs
1196 2914 1331 2985 meritas
1350 2937 1483 3006 poenas,
1505 2916 1546 2985 ad
1564 2937 1649 3007 quas
1659 2940 1721 2987 nos
1734 2915 1824 3009 ipsos

554 3017 653 3091 toties
668 3012 877 3099 obtulimus,
900 3010 924 3082 fi
941 3010 1125 3175 quispsgam
1140 3005 1336 3078 mortalium
1347 3021 1412 3077 nos
1422 3004 1641 3102 impostores,
1662 3033 1701 3081 ac
1712 3007 1822 3085 Verbi

554 3108 624 3184 Dei
636 3109 872 3202 depravatores
889 3100 1024 3175 convici
1072 3122 1102 3189 t,
1123 3101 1161 3175 &
1180 3099 1221 3171 ad
1233 3118 1327 3171 tuam
1341 3099 1544 3189 Ecclesiam,
1566 3100 1823 3198 ultro&cupi··

554 3204 601 3277 de
618 3202 771 3287 redeant,
795 3216 828 3270 tc
851 3198 1019 3293 perpetuo
1041 3196 1142 3269 suum
1163 3191 1358 3290 apostolum
1380 3193 1639 3270 &servatorem
1657 3199 1823 3293 praedica·

554 3297 639 3375 turi.
686 3295 747 3370 Ne
767 3290 851 3365 veti>
872 3289 1045 3383 causeris,
1066 3290 1121 3364 hic
1138 3287 1202 3363 tibi
1217 3312 1339 3387 parum
1351 3289 1576 3363 commodum
1591 3290 1690 3384 fore,
1713 3294 1756 3367 dc
1769 3318 1823 3366 re·

553 3391 683 3493 ligione
699 3388 880 3464 nobiscum
906 3384 1082 3476 conserte,
1100 3387 1330 3485 dogmataque
1349 3383 1463 3459 nostta
1483 3387 1695 3479 convellere,
1723 3390 1820 3463 testa·

554 3511 657 3578 mur,
682 3505 721 3563 ut
744 3485 781 3561 ὅ(
803 3481 1032 3583 superioribus
1052 3482 1156 3558 literis
1183 3481 1292 3557 testati
1310 3481 1453 3573 sumus,
1477 3482 1670 3559 Senatui&
1688 3484 1824 3579 populo

556 3585 675 3678 nostro
692 3606 763 3658 retn
776 3598 947 3680 pergatam
970 3573 1145 3652 facturum
1164 3633 1176 3668 ,
1194 3576 1219 3653 fi
1234 3577 1269 3651 id
1283 3577 1339 3649 vel
1353 3578 1500 3666 coneris,
1522 3599 1602 3652 utut
1616 3577 1823 3672 successerit,

557 3676 881 3779 dequosidubitas,
904 3676 1061 3772 experire
1084 3673 1230 3772 idapud
1250 3673 1411 3748 Senatum
1427 3672 1583 3748 nostrum
1594 3674 1698 3749 literis
1717 3676 1754 3748 δι
1763 3674 1824 3844 dvi·
1881 3738 1888 3749 .

757 3802 762 3812 ·
1787 3791 1823 3843 e·

557 3904 607 3995 (a)
630 3902 790 4007 Miserunt
802 3909 905 4001 enirn,
918 3902 1057 3999 quodin
1073 3902 1333 4005 operequoque
1345 3899 1670 3987 observavimusjarn
1683 3904 1823 3999 antehae

594 3989 1017 4161 pppqvpgepppreppsptetpsipeem
1038 4006 1161 4061 tenons
1179 3988 1349 4078 epistotam
1369 3987 1410 4058 ad
1428 3986 1570 4061 Fabrttm
1580 4036 1593 4075 ,
1613 3983 1668 4056 sed
1686 4004 1822 4072 quamn
