4442 5150
487 648 559 725 t5r.
678 620 1062 707 HISTORIA
1107 617 1549 718 EVANGELII
1627 622 1797 724 ΛΑΜ.

488 824 495 835 ,
542 766 572 840 §.
594 753 717 826 LXV.
746 755 815 828 Uti
834 752 921 826 vero
941 776 984 823 ex
1003 753 1067 842 iis,
1093 774 1174 845 quae
1194 737 1371 838 diximus,
1398 750 1558 845 constat,
1577 754 1798 828 Triumviris

489 852 630 931 eximiis
648 853 862 924 Hartmanno
880 848 1132 939 lBACHlO,
1151 853 1318 922 friderico
1334 849 1702 923 HAURBACHIO
1713 856 1798 927 Dil-

487 951 669 1044 lenbergero
689 950 725 1021 dc
747 950 903 1040 Dionyfio
925 945 1267 1036 ME-LANDRO,
1291 967 1459 1039 tanquam
1479 949 1602 1043 primis
1622 947 1798 1031 Ecclestae
1923 1017 1928 1027 ,

492 1044 911 1118 illiusRel'ormatoribus
929 1044 1108 1138 propriam
1127 1065 1202 1114 eam
1222 1041 1289 1114 else
1306 1043 1466 1133 laudem,
1485 1043 1583 1139 quod
1602 1044 1683 1142 poll
1697 1034 1798 1137 tene?

489 1139 570 1222 bras
597 1143 689 1213 inter
715 1139 1017 1212 Francosurtanos
1036 1141 1132 1210 cives
1151 1140 1340 1236 Evangelii
1358 1161 1485 1211 exorta
1500 1141 1563 1212 lux
1583 1140 1646 1232 stt,
1676 1144 1727 1214 ita
1744 1163 1799 1228 ter

487 1260 576 1335 gere
594 1241 780 1332 nequimus
796 1238 944 1308 unicum
965 1238 1055 1327 hoc,
1082 1236 1200 1331 quod,
1227 1256 1268 1306 ut
1286 1232 1357 1307 alte
1375 1236 1510 1332 semper
1526 1236 1679 1310 infixum
1699 1236 1801 1311 man·

492 1332 583 1408 lillet
610 1335 639 1408 F
643 1333 973 1406 rancofurtanorum
1002 1332 1190 1421 cordibus,
1222 1332 1465 1429 exoptandum
1485 1353 1580 1425 erat,
1608 1336 1688 1408 Hos
1705 1335 1801 1430 ipsos

491 1432 690 1528 praeclaros·
710 1429 820 1502 Viros
847 1433 883 1501 &
910 1430 1062 1501 eximios
1090 1429 1280 1525 Evangelii
1308 1453 1515 1523 praecones,
1548 1453 1671 1504 omnes
1697 1430 1801 1506 fuiffe

494 1529 577 1600 inde
595 1529 638 1600 ab
658 1529 763 1599 initio
782 1525 960 1615 addislos,
988 1527 1063 1617 illi,
1081 1529 1178 1597 circa
1197 1526 1431 1596 Eucharilliae
1450 1527 1705 1606 sacramentum
1724 1528 1800 1601 sen·

492 1628 639 1716 tentiae,
669 1626 977 1720 quamHuldricus
997 1626 1187 1718 Zwinglias
1208 1624 1244 1694 ὃ(
1265 1620 1452 1716 superioris
1471 1625 1678 1699 Germaniae
1698 1624 1801 1699 Con·

493 1718 635 1794 sessores
662 1718 986 1816 ampleslebantur,
1022 1722 1134 1814 magis
1159 1743 1265 1814 quam
1284 1721 1386 1791 alteri
1404 1720 1479 1813 illi,
1505 1747 1611 1818 quntn
1630 1726 1802 1798 [lutherus

492 1820 530 1890 ὃ(
549 1821 624 1914 ejus
642 1817 776 1889 affecta
797 1840 923 1912 magna
937 1820 1009 1911 jann
1030 1838 1140 1909 tunc,
1165 1841 1204 1887 ac
1224 1818 1372 1911 majori,
1397 1842 1501 1914 quam
1522 1843 1584 1915 par
1602 1840 1697 1912 erat,
1715 1844 1802 1893 cum

490 1910 757 1987 effervescentia
785 1916 983 1984 animorum
1013 1912 1287 2008 profitebantur.
1331 1914 1428 2003 Qta·
1455 1939 1531 2007 res,
1568 1913 1693 1988 stulla
1714 1919 1802 2009 alia,

493 2011 592 2084 certe
618 2011 659 2082 ad
678 2012 834 2082 animum
854 2013 1051 2082 revocanda
1070 2008 1210 2102 suisset,
1236 2034 1277 2080 ac
1297 2007 1473 2082 faciliores
1490 2010 1637 2083 reddere
1654 2012 1802 2106 sequena

492 2109 588 2181 tibus
617 2105 839 2201 temporibus
857 2107 1027 2179 debutffet
1045 2108 1075 2178 F
1079 2106 1397 2178 rancosurtenfium
1416 2108 1574 2200 animos,
1600 2132 1644 2182 ne
1662 2108 1803 2182 asseclas

492 2229 640 2298 eorum,
675 2206 736 2301 qui
759 2204 918 2276 omnium
940 2205 1044 2298 primi
1065 2225 1182 2276 tamen
1199 2206 1291 2274 inter
1309 2202 1402 2298 ipsos
1420 2202 1697 2299 seminaverant,
1722 2226 1802 2279 tan-

491 2322 533 2374 to
562 2328 644 2375 cum
672 2301 759 2373 aestu
779 2303 883 2397 atque
902 2304 1062 2393 fervore,
1090 2324 1171 2373 cum
1192 2300 1394 2393 colligenda
1413 2299 1525 2374 mellis
1543 2300 1651 2396 esset,
1675 2303 1803 2378 exclu-

491 2398 637 2491 derent,
671 2420 778 2497 atque
805 2400 894 2476 hanc
923 2401 1055 2496 ipsam,
1091 2421 1172 2494 quoe
1192 2393 1312 2495 primo
1333 2396 1414 2494 ipsis
1435 2396 1599 2473 instillata
1617 2421 1712 2492 erat,
1739 2424 1803 2497 per

491 2520 576 2590 cos,
612 2520 700 2595 quos
727 2519 857 2594 magno
885 2522 1025 2589 amore,
1061 2499 1213 2595 (quippe
1232 2518 1301 2610 pet
1319 2519 1409 2588 quos
1427 2495 1535 2569 unice
1554 2498 1802 2594 profecerunt)

442 2683 449 2692 .
521 2594 816 2693 rosequebantur,
851 2593 1070 2686 dodlrinam,
1105 2590 1294 2690 tantopere
1317 2592 1485 2692 deinceps
1500 2595 1804 2670 abominarentur.

491 2619 689 2770 Enimvero
716 2694 759 2766 de
785 2697 998 2769 Hartmanno
1027 2692 1277 2784 IBACHlO,
1312 2690 1480 2791 deinceps
1503 2694 1693 2791 Evangelii
1710 2693 1806 2792 apud

491 2789 770 2889 Marburgenses
789 2800 980 2887 praecone,
995 2816 1068 2864 non
1085 2790 1136 2863 est
1155 2790 1252 2887 quod
1266 2789 1493 2878 dubitemus,
1515 2790 1686 2889 siquidem
1699 2791 1807 2887 ipsius

492 2886 535 2958 ad
563 2886 775 2985 Dionysrum
796 2890 1028 2962 Melandrum
1048 2910 1125 2960 tum
1145 2889 1261 2959 adhuc
1281 2887 1458 2958 Pastorem
1477 2888 1508 2955 F
1510 2887 1804 2959 rancofurtanum

494 2984 530 3062 id
549 2989 689 3059 evincat
708 2986 855 3082 epistola
874 2987 922 3079 (a)
943 2988 1107 3076 A.1530.
1134 2984 1234 3071 data,
1261 2981 1323 3049 ubi
1343 2983 1434 3051 inter
1452 2980 1519 3050 alia
1537 2983 1616 3052 haec
1636 2982 1806 3079 leguntur

496 3081 588 3157 hauc
617 3084 752 3156 causam
782 3080 1035 3168 conficientia,
1062 3075 1165 3147 fianul
1186 3072 1272 3146 vero
1291 3076 1419 3165 etiam,
1448 3076 1703 3171 Evangelicam
1724 3102 1804 3149 nto·

495 3181 711 3257 derationem
741 3179 904 3272 spirantia
931 3172 1060 3245 verba:
1106 3172 1228 3262 „Qui
1254 3172 1477 3243 Luthetnnas
1494 3175 1588 3268 apud
1607 3197 1671 3244 nos
1689 3195 1806 3269 partes
1927 3183 1936 3200 '

495 3328 523 3371 „
544 3282 578 3349 itt
607 3305 642 3349 re
669 3272 931 3351 sacramentaria
958 3289 1130 3355 tuentur,
1164 3266 1254 3338 nihil
1282 3267 1438 3362 pristinae
1467 3270 1730 3360 tumultuandi,
1765 3296 1806 3345 ac

494 3380 660 3467 „omnia
686 3376 824 3445 Satanae
853 3367 1011 3437 tradendi
1039 3363 1304 3437 consuetudinis
1331 3363 1538 3437 remiserunt
1553 3390 1576 3457 ,·
1599 3366 1705 3439 etiam
1726 3369 1807 3465 post

493 3468 839 3566 „convocationem
868 3461 1163 3562 Marpurgensem
1184 3465 1256 3535 ἃς.
1293 3462 1493 3557 Equidem,
1521 3462 1695 3536 summum
1716 3466 1805 3540 illud

495 3566 754 3670 „Christianae
782 3559 954 3634 donnana
981 3585 1052 3633 non
1079 3560 1150 3632 tani
1170 3582 1444 3658 argumentum,
1470 3583 1574 3655 quam
1595 3560 1805 3646 fundamen·

494 3716 522 3761 „
542 3685 640 3739 tum:
669 3663 744 3755 sola
763 3660 891 3756 scilicet
914 3686 972 3734 nos
988 3659 1262 3753 fidejnstificari
1287 3659 1323 3730 &
1352 3659 1388 3727 in
1414 3665 1557 3731 externis
1575 3660 1722 3750 salutem
1745 3688 1808 3736 non

420 3794 423 3798 ·
494 3815 521 3856 „
538 3760 702 3852 constare,
723 3784 789 3854 pro
809 3759 982 3831 tenuitate
998 3758 1124 3853 gratiae
1143 3756 1232 3827 mihi
1249 3756 1391 3827 collatae
1405 3754 1808 3852 diligentiffimetradto,

375 3861 380 3869 '
495 3910 524 3953 „
541 3856 631 3929 nihil
651 3858 785 3953 alioqui
805 3856 985 3929 maledicis
1004 3856 1089 3926 meis
1108 3850 1292 3924 reludlans.
1337 3853 1435 3923 Nam
1457 3854 1562 3924 video
1580 3856 1705 3927 oculos
1723 3880 1807 3951 apc-

495 4006 522 4050 „
541 3954 655 4027 riente
682 3954 851 4047 Christo,
882 3954 978 4047 ¹nihil
996 3952 1143 4025 omnino
1162 3975 1253 4047 opus
1270 3948 1360 4044 elle,
1387 3973 1427 4023 ut
1445 3957 1610 4026 carnalem
1627 3954 1753 4044 Christi
1772 3952 1806 4023 in

465 4061 472 4074 '
1212 4080 1214 4084 '
1671 4099 1698 4140 aa
1718 4072 1808 4144 l‘sme

533 4180 581 4260 (a)
607 4179 670 4245 vid.
689 4175 889 4245 RITTER.
915 4184 937 4246 l.
955 4199 984 4247 c.
1007 4200 1038 4266 p.
1052 4193 1104 4265 55,
1122 4178 1176 4261 56.
1195 4178 1224 4244 a
1242 4177 1330 4245 conf.
1344 4173 1601 4254 ,HOTTING
1657 4172 1715 4241 .E.
1735 4172 1807 4243 Sec.

490 4261 589 4331 Xl'l.
607 4261 700 4331 Pu.
715 4282 783 4351 pag.
797 4264 871 4344 506.
