4442 5150
457 650 625 743 ωηο.
789 641 831 719 R
878 641 913 717 E
961 640 1005 717 N
1053 640 1091 716 O
1141 638 1179 717 V
1229 644 1264 720 A
1312 645 1478 722 T·I.·
1694 671 1770 752 405

455 779 484 881 ,',
503 779 623 853 cuniae
639 774 761 873 egenis
778 794 959 872 erogatur.
995 773 1046 847 Et
1061 773 1267 872 priusquam
1285 776 1512 876 sejungamur
1528 775 1549 851 ὲ
1565 776 1664 854 ἀίἂο
1677 804 1766 855 con·

456 932 485 976 „
506 877 610 969 filio,
649 897 772 946 omnes
799 874 953 946 invicem
979 869 1183 945 nostrorum
1208 896 1406 947 erratorum
1433 878 1572 949 veniam
1598 881 1768 976 petimus,

454 1029 484 1074 „
503 969 603 1048 Ciam
630 971 710 1067 quis
732 972 770 1043 in
788 969 1004 1044 carnalitatis
1022 990 1212 1064 peccatum
1230 970 1383 1065 labitur,
1409 969 1568 1047 inostro
1586 974 1767 1051 consortio

454 1127 484 1172 „
502 1071 598 1144 foras
623 1068 837 1165 expellitur,
872 1068 915 1140 ab
935 1064 1129 1163 officioque
1147 1067 1413 1163 praedicationis
1431 1070 1664 1166 prohibetur:
1693 1075 1766 1148 illi·

453 1222 484 1269 „
502 1192 573 1268 que
590 1166 815 1260 ordinamus,
842 1169 876 1238 in
894 1163 1019 1238 sudore
1037 1164 1159 1237 vultus
1176 1164 1227 1238 sui
1245 1165 1406 1239 vescatur
1424 1190 1512 1263 pane
1530 1167 1605 1241 suo.
1631 1171 1675 1243 Iu
1693 1171 1766 1248 hoc

455 1321 484 1367 „
502 1288 647 1437 quoque
673 1256 828 1336 multum
857 1262 966 1359 posco
985 1260 1174 1333 confilium
1191 1281 1307 1336 tuum.
1349 1265 1446 1337 Haec
1466 1267 1638 1338 internos
1656 1270 1763 1341 mini·
1784 1285 1789 1291 ’

455 1418 484 1463 rr

534 1386 613 1437 ros:
649 1384 731 1456 quae
758 1380 874 1433 tamen
901 1357 981 1456 post
1006 1361 1044 1430 in
1068 1359 1158 1430 hanc
1178 1362 1328 1456 patriam
1346 1360 1538 1437 adrentum
1556 1387 1697 1458 meum,
1723 1384 1766 1439 ut

453 1515 483 1561 ,‚
501 1459 661 1560 cognovi
680 1460 717 1532 δι
735 1455 882 1530 edoelus
900 1458 998 1547 sum,
1024 1454 1180 1528 maxime
1198 1459 1252 1529 tui
1271 1456 1414 1554 spiritus
1431 1459 1518 1533 lima
1534 1460 1713 1557 indigent.
1759 1522 1762 1531 .
1833 1458 1838 1469 '

502 1557 609 1654 „Ad
627 1555 729 1648 haec,
748 1555 939 1628 Credimus
949 1554 1071 1649 Deqm
1089 1556 1223 1626 trinum
1235 1557 1414 1629 &unum:
1435 1557 1766 1655 humanitatemque

452 1652 637 1758 „Christi
662 1674 878 1728 creaturam:
915 1651 953 1726 &
981 1648 1029 1722 fic
1052 1651 1157 1723 Patre
1176 1649 1403 1745 inferiorern,
1431 1654 1579 1752 &peri
1608 1655 1677 1729 sam
1695 1659 1762 1730 Pa-

455 1808 484 1852 „
500 1772 592 1827 trem
608 1749 757 1826 voluisse
776 1751 948 1823 redimere
965 1748 1232 1844 generationem
1250 1750 1458 1824 humanam:
1479 1679 1665 1828 curidum
1676 1752 1763 1830 verb

454 1904 484 1950 „
504 1851 767 1924 Deum-verum
787 1849 823 1922 δε
843 1847 1040 1919 hominem.

500 2000 528 2042 „
546 1947 736 2023 Credimus
761 1949 868 2019 etiam
898 1945 1127 2016 Sacramenta
1143 1941 1249 2016 saerae
1268 1947 1317 2018 rei
1335 1945 1588 2020 tantummodi>
1605 1947 1674 2022 esse
1692 1948 1764 2050 fig-
1842 2011 1844 2014 .

450 2101 480 2150 „
498 2054 564 2140 m,
598 2066 660 2119 aut
686 2043 874 2118 invifibilis
901 2041 1027 2137 gratiae
1046 2038 1222 2114 vifibilem
1241 2041 1417 2116 formam:
1448 2044 1656 2144 bonumque
1671 2048 1763 2140 elle,

451 2143 705 2246 „hujusmodi
726 2142 832 2240 fignis
852 2143 889 2214 hc
909 2137 1027 2210 forma
1045 2160 1323 2236 nonnunquam,
1351 2140 1499 2237 fiposfit
1516 2143 1617 2237 fieri,
1643 2143 1767 2220 fideles

451 2297 480 2343 ,‚
496 2245 574 2316 uti:
603 2242 668 2314 hos
687 2262 805 2315 tamen
823 2241 915 2313 citra
933 2235 1141 2333 hujusmodi
1162 2235 1305 2334 signa&
1321 2236 1470 2312 formam
1490 2240 1588 2337 poll'e
1603 2240 1681 2314 fieri
1699 2244 1764 2318 sal.-

451 2393 479 2437 „
498 2363 563 2414 vos
586 2357 760 2413 tenentes.
803 2337 846 2409 ln
867 2336 961 2425 hoc,
985 2352 1028 2405 ut
1045 2331 1174 2426 audio,
1200 2335 1416 2430 erravimus,
1440 2337 1623 2412 credentes
1641 2340 1773 2435 plura,

453 2488 481 2533 „
500 2435 609 2532 quim
630 2435 703 2504 duo
722 2435 960 2504 Sacramenta.

499 2583 527 2626 „
546 2528 706 2605 Nullum
742 2529 1002 2603 intercessorem
1038 2525 1105 2601 esse
1138 2526 1232 2625 apud
1265 2530 1407 2604 Patrem
1442 2531 1763 2634 omnipotentem,

452 2648 481 2730 „
499 2627 608 2728 quam
637 2628 853 2720 Christum,
888 2626 1017 2725 procul
1043 2623 1155 2699 dubio
1181 2647 1365 2700 tenemus:
1400 2630 1579 2727 virginem
1607 2634 1762 2709 Mariam

451 2782 481 2827 „
498 2724 586 2803 vero
614 2726 717 2802 fuisse
743 2725 917 2818 ranetam,
945 2724 1116 2797 humilem
1136 2727 1173 2799 ὃ(
1192 2726 1313 2823 gratid
1328 2724 1468 2822 plenam
1489 2751 1555 2824 pro
1573 2729 1629 2822 se,
1655 2733 1692 2805 ὃ(
1712 2732 1762 2806 fic

451 2879 478 2923 „
498 2827 653 2924 reliquos
671 2823 827 2916 sanslos,
846 2827 882 2897 bt
894 2826 930 2894 in
948 2821 1053 2893 coelis
1070 2820 1261 2918 expectare
1276 2821 1418 2899 suorum
1437 2848 1631 2923 corporum
1645 2830 1760 2927 glori·

450 2967 478 3022 „
497 2922 704 2997 ficationem
723 2925 761 2994 in
780 2919 1032 2994 resurresiione
1049 2940 1296 2995 mortuorum:

499 3073 527 3115 „
545 3022 631 3097 Post
648 3023 738 3094 hanc
758 3021 889 3111 vitam,
918 3019 1066 3114 patriam
1086 3018 1287 3113 calestem,
1313 3019 1351 3095 ὅτ
1369 3020 1572 3116 infernum,
1597 3020 1665 3097 eli'e
1681 3042 1760 3100 tans

450 3175 478 3218 „
496 3116 598 3214 tirm,
624 3118 778 3193 firmiter
796 3119 994 3191 credimus:
1023 3114 1196 3192 radicitus
1209 3120 1464 3217 Purgatorium
1480 3121 1761 3195 abAntichristo

453 3272 480 3314 „
499 3217 623 3292 fluum
641 3218 868 3315 abnegantes.

497 3368 524 3407 „
544 3314 808 3389 Conseliionem
827 3329 1062 3408 peccatorum
1078 3314 1338 3406 auricularem,
1363 3340 1436 3389 non
1454 3297 1624 3389 hahentes
1641 3312 1758 3387 ullum

450 3462 477 3505 „
495 3413 537 3481 ad
555 3433 695 3508 tempus
712 3409 931 3508 respeshum,
949 3411 1075 3480 utilem
1093 3407 1280 3482 ducimus:
1307 3410 1418 3484 modi)
1438 3414 1508 3484 hoc
1526 3410 1598 3481 fine
1611 3408 1698 3502 fiat,
1716 3431 1760 3484 ut
1841 3438 1845 3446 ·

453 3559 479 3602 „
500 3505 649 3582 infirmis
669 3512 705 3583 &
725 3507 998 3609 ignorantibus,
1024 3506 1285 3603 requirentibus
1303 3507 1515 3597 consrlium,
1541 3502 1758 3580 consolatio·

451 3659 479 3701 „
498 3627 578 3676 nem
600 3605 875 3703 &adjutorium
894 3604 1000 3678 sacrae
1018 3602 1204 3701 scripturae
1222 3602 1541 3682 ordine-exhibeat.

499 3755 526 3795 ,‚
544 3701 765 3775 Charitatem
794 3704 843 3776 sre
870 3703 1094 3795 ordinamus,
1129 3722 1170 3774 ut
1193 3700 1455 3797 superomnia,
1480 3700 1593 3773 etiam·
1606 3702 1759 3779 animam

451 3855 478 3900 „
496 3802 703 3899 propriam,
724 3800 844 3873 Deum
864 3802 1103 3898 unusquisque
1120 3798 1269 3897 diligat:
1291 3798 1494 3894 postquem
1512 3797 1615 3897 supra
1626 3823 1760 3877 caetera

451 3954 480 3997 „
498 3898 617 3972 omnia
635 3895 785 3969 animam
805 3902 1009 3994 propriam:
1037 3894 1118 3992 post
1136 3897 1226 3968 hanc
1244 3893 1332 3969 vero
1350 3898 1499 3970 animam
1515 3902 1757 3995 proximirna·

453 4052 480 4093 „
499 3999 576 4094 gis,
612 3991 719 4092 quim
740 3997 908 4089 propium
929 4017 1080 4089 corpus:
1105 3994 1190 4088 post
1208 3995 1299 4065 hanc
1318 3991 1406 4068 verb
1423 3998 1608 4094 proprium
1627 4021 1759 4092 eorpus

454 4147 481 4189 „
501 4093 635 4192 magis,
660 4090 767 4188 quim
787 4094 964 4186 proximi:
992 4089 1072 4187 post
1090 4091 1162 4161 hoc
1179 4091 1339 4186 proximi
1355 4092 1759 4196 corpusmagis,.quam

456 4242 484 4286 ,‚
502 4217 555 4270 res
572 4192 732 4291 proprias
750 4191 992 4287 unusquisque
1007 4205 1124 4279 amet,
1148 4186 1332 4288 docemus,

1041 4283 1134 4361 Eee
1162 4308 1186 4386 ς
1220 4377 1227 4392 ὓ
1483 4341 1486 4349 .
1558 4289 1770 4388 '„Omnia.
