4442 5150
462 636 628 731 A.t530.
820 633 859 707 R
907 629 941 704 E
991 627 1032 704 N
1081 632 1120 706 Ο
1168 633 1206 708 V
1256 636 1288 710 Α
1338 636 1375 712 Τ
1424 639 1456 713 I.
1691 662 1761 740 4¹3

459 817 487 858 „
506 766 559 837 los
577 757 793 854 ascendisse,
829 760 1075 856 sedentemque
1096 762 1137 832 ad
1157 762 1338 835 dexteram
1358 769 1470 840 Patris
1488 765 1684 841 rediturum
1702 775 1761 863 ju·

460 913 487 955 „
505 863 624 932 dicem
640 858 774 930 seculis.
802 859 957 929 Creditis
975 860 1009 930 &
1029 859 1203 955 Spiritum
1224 859 1377 932 sandtum
1397 865 1582 959 Apostolis
1599 864 1778 960 missum,

459 1011 486 1052 „
506 961 609 1054 cujus
638 958 770 1026 virtute
797 952 1065 1027 illi-Ecclefiam
1083 979 1368 1052 congregarunt:
1397 963 1433 1029 in
1452 983 1520 1052 qna
1538 964 1575 1034 δι
1594 985 1761 1058 peccato:

458 1107 486 1149 „
506 1079 584 1125 rum
605 1051 754 1124 remissio
772 1050 834 1123 est.
870 1050 1025 1124 Creditis
1043 1052 1195 1146 denique
1214 1057 1250 1126 ὅ(
1270 1057 1377 1124 vitam
1396 1054 1582 1146 fidelibus,
1610 1060 1645 1130 &
1665 1083 1762 1149 morss

458 1173 577 1246 „tem
606 1151 724 1243 impiis
752 1149 907 1220 suturam
936 1167 1115 1218 aetemam.
1159 1149 1201 1219 ln
1229 1152 1293 1220 hac
1313 1151 1384 1222 fide
1401 1151 1492 1223 bend
1512 1153 1761 1230 consentimus.

457 1302 485 1343 „
507 1248 565 1318 De
581 1246 682 1317 sacris
701 1249 804 1317 etiam
824 1243 992 1340 symbolis
1011 1243 1164 1316 consona
1181 1248 1367 1320 credimus.

504 1396 532 1437 „
555 1345 672 1415 Decet
699 1365 838 1432 autem,
872 1361 913 1412 ut
943 1363 1068 1434 perca
1095 1341 1131 1409 in
1157 1340 1306 1413 sandtam
1336 1342 1532 1418 Ecclefiam
1559 1369 1760 1443 congrege·

456 1493 484 1535 „
504 1464 606 1529 mur,
642 1463 725 1510 curn
755 1437 916 1509 Ecclesrd
942 1436 1213 1532 malignantium
1241 1442 1444 1536 portionem
1471 1466 1541 1514 non
1560 1445 1760 1520 babeamus.

457 1590 484 1632 „
505 1541 538 1609 A
567 1535 715 1630 Papistis
733 1534 926 1630 baptisatos
944 1556 1017 1603 non
1036 1532 1307 1628 rebaptisamus,
1335 1559 1375 1609 ut
1395 1539 1671 1635 Catabaptillae:
1698 1544 1759 1614 ab·

455 1686 483 1730 „
504 1633 569 1718 srt5
597 1632 667 1705 Sed
687 1633 856 1726 synaxim
878 1630 1019 1700 illorum
1037 1627 1245 1724 refugimus.
1281 1633 1401 1705 Etiam
1421 1659 1483 1707 nos
1501 1658 1632 1729 praeter
1649 1640 1758 1711 Chri·

458 1783 485 1824 „
507 1730 596 1800 stum
624 1728 795 1801 nescimus
824 1725 1097 1798 intercessorem.
1143 1727 1325 1801 Humanas
1346 1733 1598 1825 inventiones,
1631 1736 1759 1824 quibus

457 1881 484 1920 „
503 1826 727 1898 conscientiae
749 1827 1005 1919 illaqueantur,
1031 1845 1158 1914 quaeve
1177 1825 1331 1897 libertati
1349 1825 1493 1920 spiritus
1506 1833 1759 1926 praejudicant,

457 1977 484 2018 „
504 1942 544 1995 ut
564 1923 645 1996 vere
666 1920 984 2008 ilntichrillianas,
1010 1917 1268 1992 abominamur.
1295 1923 1547 2018 Magillratum
1568 1928 1759 2003 secularem

455 2073 482 2116 „
501 2021 661 2092 audimus
681 2022 714 2090 in
736 2021 809 2108 his,
829 2041 910 2110 quae
929 2016 1056 2087 contin
1069 2020 1186 2087 Deum
1202 2042 1274 2089 non
1288 2018 1388 2091 sunt:
1409 2021 1621 2094 honoramus
1631 2027 1756 2100 etiam:

452 2171 481 2213 „
499 2121 604 2191 etiam
623 2114 944 2190 ell'eChristianum
965 2110 1061 2207 posse
1078 2116 1268 2187 credimus.
1286 2117 1559 2210 juramentum,
1579 2119 1758 2219 fiexigat,

453 2267 481 2310 „
500 2238 572 2286 non
599 2236 789 2308 negamusa
826 2236 897 2283 non
925 2209 1085 2282 obstante
1107 2234 1173 2302 eo,
1200 2212 1297 2306 quod
1314 2215 1408 2309 apud
1428 2216 1647 2290 Matthaeum
1669 2221 1758 2316 legi·

454 2365 482 2406 „
501 2336 591 2383 mus.
636 2311 744 2382 Nihil
770 2310 863 2382 enim
888 2306 938 2378 ibi
958 2304 1145 2401 prohibuit
1164 2306 1349 2401 Christus,
1375 2313 1471 2406 quod
1489 2336 1553 2406 per
1569 2311 1602 2384 se
1617 2339 1689 2386 non
1707 2315 1760 2389 est

452 2458 481 2500 „
501 2425 712 2502 peccatum:
748 2405 934 2500 probibuit
961 2403 1087 2474 malam
1116 2401 1393 2494 conscientiam,
1418 2409 1622 2497 avaritiam,
1648 2412 1757 2507 iram,

455 2555 484 2599 „
504 2506 540 2574 ὃ(
566 2499 735 2572 vindistae
763 2502 1028 2597 cupiditatem,
1062 2500 1284 2570 mendacium
1313 2523 1448 2591 omne,
1483 2504 1520 2579 δι
1546 2505 1758 2602 perjurium,

454 2601 636 2694 „Dicere
662 2601 755 2672 enim
785 2598 992 2671 insensatum
1021 2594 1164 2666 fratrem
1195 2604 1251 2688 (ut
1279 2598 1406 2680 Paulus
1432 2597 1542 2691 fecit,
1576 2603 1612 2675 δι
1635 2629 1758 2681 omnes

454 2750 481 2792 „
499 2698 713 2793 Prophetae,
739 2699 823 2768 dum
844 2697 971 2769 acriter
990 2689 1123 2765 investi
1139 2693 1216 2765 sunt
1237 2695 1271 2765 in
1290 2697 1509 2789 peccatores)
1527 2701 1658 2772 nonest
1669 2727 1757 2775 con·

453 2846 481 2888 ‚‚
500 2814 554 2867 tra
573 2814 726 2866 mentem
749 2794 957 2889 Evangelii:
988 2789 1035 2863 fic
1054 2813 1120 2861 nec
1135 2792 1255 2886 jurare
1272 2792 1484 2889 injudicio,
1510 2817 1593 2865 cum
1607 2802 1757 2872 veritate

453 2891 537 2986 „&
561 2889 719 2988 justitia,
754 2909 795 2962 ut
813 2890 906 2983 apud
928 2888 1147 2960 Hieremiam
1166 2886 1232 2959 est.
1269 2890 1524 2982 juravitenim
1543 2892 1755 2991 Deusipse,

453 3042 479 3085 „
501 2990 537 3064 ὅ(
566 2988 766 3081 Abraham,
802 2987 839 3059 ὃ(
869 2986 1016 3057 Paulus:
1052 3008 1118 3057 nec
1145 2984 1435 3081 reprehensibiles
1453 2988 1545 3062 sunt.
1582 2989 1758 3069 Similiter

453 3139 479 3181 „
500 3110 572 3158 non
591 3088 638 3157 ita
656 3085 779 3157 austeri
800 3083 938 3173 sumus,
957 3102 997 3153 nt
1016 3105 1138 3154 omnes
1157 3103 1380 3174 mutuantes,
1401 3086 1585 3182 &aliquid
1603 3089 1684 3160 inde
1700 3116 1755 3162 re·

451 3184 689 3280 „cipientes,
724 3182 896 3254 usurarios
921 3180 1091 3251 dicamus.
1131 3180 1294 3253 Christus
1312 3184 1404 3253 enim
1424 3186 1605 3256 avaritiam
1626 3187 1756 3257 mentis

451 3331 477 3370 „
496 3281 659 3374 damnat,
686 3305 788 3374 quarn
809 3301 872 3366 nos
891 3299 962 3345 non
981 3277 1156 3347 videmus.
1190 3279 1274 3350 Alia
1291 3300 1471 3374 praccepta
1489 3282 1608 3352 omnia
1625 3302 1686 3373 pet·
1702 3281 1776 3364 le·‚

453 3398 578 3468 „gem
597 3379 778 3450 charitatis
798 3373 1020 3468 interpretati
1038 3394 1110 3441 nos.
1120 3373 1212 3442 vult.
1750 3463 1752 3468 Ι

499 3520 525 3559 ,,
546 3473 638 3542 Item
662 3474 801 3569 judices
830 3472 865 3543 &
895 3465 1314 3566 magistratusflseculates
1337 3473 1617 3557 animadvertere
1636 3473 1671 3544 in
1688 3473 1752 3547 fla·

450 3620 478 3663 „
498 3567 669 3662 ginosos,
713 3571 751 3641 ὅ(
777 3566 965 3641 defendere
990 3566 1171 3663 patriam,
1205 3566 1399 3663 viduasque
1424 3592 1465 3640 ac
1492 3570 1650 3662 pupillos
1675 3572 1752 3668 gla-

451 3718 478 3759 „
497 3665 580 3754 dio,
615 3688 687 3734 non
712 3666 924 3738 arbitramur
945 3664 1015 3761 legi
1033 3662 1167 3734 divinae
1187 3666 1419 3735 contrarium.
1462 3665 1659 3742 Hocenim
1679 3693 1754 3764 non

451 3814 477 3854 „
496 3777 609 3858 agunt
634 3758 696 3829 suo
724 3763 892 3853 nomine,
925 3758 985 3833 sed
1012 3761 1135 3833 vicarii
1156 3761 1225 3831 Dei
1244 3760 1345 3846 sunt:
1372 3762 1409 3834 δι
1427 3758 1474 3831 ab
1488 3761 1553 3833 illo
1569 3761 1753 3863 gladium,

451 3882 570 3953 „non
597 3854 616 3925 d
643 3852 760 3949 seipsis
785 3876 1012 3955 acceperunt.
1040 3855 1220 3949 t(lancti,
1250 3859 1314 3951 qui
1336 3855 1464 3954 seipsos
1486 3858 1609 3957 gladio
1632 3863 1754 3938 defeu-

451 3957 588 4053 „dunt
614 3953 762 4025 ultionis
780 3954 977 4046 aviditate,
997 3957 1109 4050 inque
1124 3955 1268 4048 propria
1283 3951 1406 4047 causa,
1430 3977 1650 4056 nequequam
1671 3965 1754 4054 ἰιιιιΙ
1790 3999 1793 4004 ·

451 4106 478 4147 ,,
499 4073 535 4127 ta
562 4049 800 4146 Evangelium
827 4071 959 4145 agunt:
988 4049 1092 4145 ‚quod
1115 4050 1243 4144 iubet,
1262 4052 1372 4144 ,utin
1397 4055 1567 4152 patientia
1585 3987 1753 4151 polssdea·

452 4175 577 4244 „mus
602 4151 732 4224 animas
758 4144 914 4243 nostras,
946 4148 996 4238 &J
1009 4146 1238 4317 pgpgigagnus
1264 4150 1685 4324 ᾁριιξεῃηφρκιιιίεἳὶιὶ
1706 4152 1751 4225 fi.

1146 4264 1163 4340 3
1324 4251 1332 4270 ¹
1555 4251 1634 4345 „ni
1669 4272 1765 4347 tam,
