4442 5150
455 628 624 722 ΛΑΜ.
790 621 829 695 R
879 618 912 693 E
961 619 1003 693 N
1054 619 1091 693 O
1142 617 1179 692 V
1229 619 1264 693 A
1313 620 1351 695 Τ
1402 621 1434 698 Ι.
1698 559 1761 726 {81

453 779 534 828 nam
565 752 804 847 Evangelicus
830 749 953 823 Pastor
975 747 1247 847 defignabatur,
1273 753 1522 847 eaqueomnia
1540 778 1620 853 quae
1640 758 1681 827 ad
1699 781 1764 830 ex·

453 851 655 947 purgandas
675 849 790 922 sordes
810 846 1038 938 Pontificias,
1061 870 1167 942 atque
1186 848 1227 919 ad
1248 848 1504 923 restaurandam
1525 877 1608 928 cum
1628 853 1763 927 dostri-

453 973 511 1020 nae
528 949 746 1044 puritatem,
776 968 852 1017 rum
871 944 1068 1043 disciplinae
1087 943 1306 1016 laustitatem
1326 944 1442 1018 facere
1459 969 1648 1042 poterant,
1677 976 1766 1026 con·

453 1044 715 1130 stituebantur3
753 1045 874 1135 Quem
903 1045 940 1114 in
964 1043 1072 1114 linem
1094 1047 1130 1115 δε
1149 1043 1212 1114 l‘ub
1239 1041 1321 1137 ipsas
1346 1043 1517 1116 Kalendis
1536 1048 1671 1143 Aprilis
1693 1050 1765 1122 Ec·

455 1141 573 1216 cleliae
599 1141 803 1215 Basileen'srs
830 1144 1011 1214 Ordinatio
1030 1139 1079 1233 (a)
1107 1163 1169 1235 per
1190 1141 1358 1211 Senatum
1379 1142 1560 1234 Majotem
1581 1145 1618 1217 dt
1637 1147 1765 1218 Mino·
1852 1147 1860 1161 ‘

452 1265 528 1313 rem
548 1239 598 1313 est
617 1240 820 1335 publicata,
849 1242 885 1311 ὅ(
905 1239 1073 1333 deinceps
1092 1238 1189 1333 typis
1210 1236 1391 1332 impressa,
1410 1263 1479 1334 qua
1496 1238 1540 1310 de
1557 1244 1659 1313 cultu
1679 1252 1764 1318 'cum

451 1338 553 1411 verbi
580 1358 659 1409 tum
686 1337 981 1409 sacramentorum
1001 1336 1126 1406 divino
1141 1336 1249 1430 juxta
1264 1335 1363 1406 verbi
1382 1336 1494 1407 divini
1514 1339 1765 1432 praescriptum

439 1434 674 1507 instituendo
702 1433 1002 1529 praecipiebatur,
1040 1434 1077 1505 ὅ(
1105 1433 1291 1526 quomodo
1318 1456 1400 1528 quae
1424 1434 1766 1510 administrationem

454 1556 573 1605 rerum
600 1530 915 1604 ecclesiasticarum
939 1530 1100 1601 adtinent
1125 1527 1234 1600 ellent
1259 1529 1467 1626 dirigenda,
1503 1529 1613 1629 porro
1635 1535 1678 1607 de
1696 1533 1765 1608 vt-

453 1631 512 1703 tiis
538 1653 584 1702 ex
613 1628 775 1702 Ecclesia
801 1628 1047 1717 eliminandis,
1083 1627 1120 1699 ὅ(
1148 1650 1251 1720 quam
1280 1630 1393 1698 multa
1417 1630 1505 1720 alia,
1540 1655 1642 1728 quae,
1678 1634 1767 1728 quin

453 1751 519 1822 per
553 1750 695 1799 manum
723 1729 893 1820 Jrharrnir
922 1722 1393 1797 OECOLAMPADII
1421 1726 1553 1799 fuerint
1580 1727 1763 1825 perfesla,

455 1822 595 1895 nullutn
620 1825 670 1896 est
695 1826 867 1914 dubium,
898 1826 1002 1918 cujus
1025 1821 1206 1892 inhisuti
1227 1823 1470 1915 prudentia&
1492 1823 1690 1921 sinceritas,
1716 1830 1766 1901 ita

454 1922 562 1994 animi
588 1924 786 1996 moderatio
815 1921 998 2015 singularis
1025 1918 1158 1990 laudari
1185 1915 1265 1991 satis
1292 1944 1364 1991 non
1391 1919 1555 2016 poliunt,
1590 1945 1631 1997 ut
1650 1949 1764 2000 unum

453 2020 677 2118 alterumque
703 2046 747 2093 ex
776 2019 950 2114 Epillolis
969 2019 1045 2112 ejus
1064 2016 1294 2112 depromtum
1314 2016 1493 2114 specimen
1511 2022 1667 2095 evincit:
1705 2025 1766 2097 Sic

452 2119 547 2191 enim
566 2119 659 2191 inter
676 2120 742 2190 alia
760 2117 803 2189 ad
821 2117 1029 2189 Conradum
1051 2114 1214 2186 Somium
1236 2116 1311 2208 (b):
1341 2167 1367 2208 „
1388 2117 1596 2215 Negotium
1615 2145 1768 2193 excom·

451 2265 479 2310 „
499 2218 772 2304 municationis‚
798 2235 839 2287 ut
856 2213 950 2309 apud
968 2236 1032 2283 nos
1050 2211 1246 2307 procedat,
1272 2212 1359 2284 scire
1377 2220 1491 2309 cupis.
1519 2218 1615 2289 Bene
1634 2217 1764 2310 fidito,

452 2339 553 2408 „res
579 2313 683 2386 salvae
703 2312 794 2387 sunt.
840 2311 992 2385 Nullius
1011 2310 1129 2403 coepti
1148 2310 1265 2382 minus
1285 2312 1464 2404 poenitet,
1491 2315 1629 2385 nullum
1650 2319 1765 2411 majo·

453 2462 482 2504 „
501 2436 555 2482 res
582 2410 719 2481 frustus
745 2410 955 2503 pollicetur.
1001 2407 1058 2478 En
1082 2406 1241 2479 decimus
1260 2408 1409 2502 quisque
1427 2411 1485 2479 vel
1504 2412 1623 2505 primo
1642 2415 1765 2485 admo·
1843 2458 1847 2465 -

453 2559 481 2601 „
500 2509 617 2598 nitus,
652 2530 724 2578 non
750 2505 801 2577 est
827 2506 914 2604 quin
939 2504 1149 2578 humilietur
1167 2506 1204 2579 &
1224 2507 1353 2601 gratias
1371 2525 1464 2603 agat.
1507 2506 1765 2606 Catabaptistis

454 2655 482 2697 „
501 2603 574 2676 fere
591 2604 684 2677 nihil
698 2602 829 2702 refugii
848 2604 1013 2698 superest.
1042 2601 1204 2676 Ecclesia
1221 2605 1352 2675 iterum
1373 2606 1408 2674 in
1426 2604 1543 2701 aliqua
1552 2606 1767 2683 austoritate

455 2703 621 2795 „haberi
658 2704 800 2798 incipit.
845 2699 1079 2775 Offendicula
1110 2702 1279 2796 paulatim
1304 2703 1542 2795 extirpantur.
1588 2706 1767 2780 Videmur
1883 2730 1888 2737 ·

453 2851 482 2894 ,‚
501 2802 714 2897 quibusdam
734 2802 813 2899 plus
832 2803 984 2872 nimium
1004 2798 1181 2871 indulsrlle
1200 2798 1471 2873 infirmioribus.
1513 2802 1564 2873 At
1581 2802 1652 2875 hoc
1671 2805 1765 2876 mul·

454 2919 543 2994 „to
571 2899 697 2992 satius,
730 2922 835 2995 quam
863 2899 920 2972 vel
947 2898 1132 2971 severitate
1157 2897 1348 2971 austeriore
1374 2922 1515 2970 omnem
1540 2900 1767 2995 disciplinam

452 3049 479 3092 „
499 2996 784 3072 Ecclesrallicam
813 2997 850 3069 in
878 2995 1100 3092 tyrannidem
1123 3018 1358 3089 convertere,
1385 2998 1441 3070 vel
1459 2997 1574 3071 claves
1591 2998 1765 3073 Ecclefiae

453 3095 639 3192 „prorsus
667 3097 830 3194 prodere.
875 3096 1051 3188 Spiritum
1080 3096 1180 3167 verbi
1199 3097 1333 3185 divini,
1357 3096 1517 3193 jubentis
1536 3097 1639 3171 semel
1658 3119 1765 3192 atque

448 3234 481 3288 3,
501 3198 630 3269 iterum
652 3196 786 3291 corripi
806 3192 972 3282 fratrem,
991 3192 1087 3286 sequi
1107 3192 1225 3267 multi)
1244 3194 1461 3284 consultius,
1480 3218 1584 3289 quam
1605 3196 1764 3290 rigidum

451 3343 481 3383 „
499 3294 691 3365 verborum
713 3314 871 3366 tenorem
892 3288 1079 3381 ampleeti:
1110 3293 1182 3364 &e
1199 3345 1226 3383 „
1259 3295 1381 3387 Atque
1398 3295 1469 3364 alio
1487 3314 1650 3387 tempore
1669 3290 1765 3362 idern

453 3387 496 3457 ad
524 3390 708 3462 Erasmum
740 3394 925 3464 Ritterum
946 3385 1186 3459 Ecclefiasten
1205 3389 1471 3483 Scaphusanum
1492 3392 1567 3479 (c):
1605 3386 1765 3477 „Quod

453 3533 482 3575 ,‚
502 3482 543 3552 ad
571 3491 788 3559 ceremonias
815 3487 947 3558 Coenae
976 3482 1183 3554 Dominicae
1209 3486 1387 3582 pertinet,
1412 3483 1526 3571 risum
1544 3480 1600 3554 est
1617 3484 1764 3575 quibus·

451 3632 478 3673 „
498 3580 602 3670 dam,
637 3603 679 3654 nt
705 3607 741 3657 te
768 3579 1138 3671 commonefacerem,
1165 3600 1205 3653 ut
1233 3579 1363 3655 relidis
1389 3582 1424 3649 in
1444 3597 1561 3650 totum
1582 3579 1765 3677 papisticis

453 3730 480 3771 „
501 3684 598 3772 (quae
626 3678 762 3774 semper
790 3682 971 3778 pristinam
999 3678 1284 3777 superstitionem
1314 3702 1354 3749 ac
1381 3677 1602 3771 impietatem
1623 3678 1765 3769 fovent)

451 3829 480 3873 „
500 3799 711 3849 communes
730 3784 812 3852 ctirn
832 3779 936 3853 nobis
953 3778 1175 3871 observares,
1195 3801 1267 3850 non
1285 3777 1335 3848 ira
1353 3773 1623 3870 tumultuarias,
1642 3799 1682 3851 ut
1700 3777 1765 3851 sri-

1035 3877 1179 3974 sssb3
1601 3917 1605 3923 -
1639 3878 1765 3974 gnum

494 4029 543 4108 (a)
569 3973 816 4091 SCULTET.
840 4026 958 4095 Annal.
984 4026 1067 4091 Dec.
1083 3987 1127 4090 ll.
1145 4047 1175 4109 p.
1189 4042 1259 4106 190.
1292 4026 1381 4092 conl.
1398 4024 1649 4095 HO'l'TlNG.
1666 4027 1768 4092 Helu.

450 4112 497 4178 K.
518 4113 562 4176 G.
587 4133 616 4193 p.
635 4129 708 4188 451.

494 4199 545 4275 (b)
571 4215 602 4256 ν.
623 4194 765 4273 Zwingl.
786 4193 817 4257 dt
837 4190 957 4257 Oeeol.
975 4190 1034 4276 Ep.
1046 4191 1111 4256 sol.
1122 4208 1194 4272 205.
1215 4195 1244 4258 b.
1276 4258 1278 4260 ,
1402 4231 1404 4238 -

475 4278 527 4360 (c)
552 4278 696 4365 Zwiogl.
722 4274 891 4346 &Oecol
915 4275 1011 4362 Epist.
1033 4276 1176 4359 fol.129.
1193 4278 1226 4344 b.
1254 4361 1257 4370 Ι
