4442 5150
677 648 1521 758 PRAEFATIO.

453 828 688 932 Lutherus
723 827 800 929 vel
837 823 931 965 ipse
954 824 1216 963 Zwinglius
1241 832 1293 927 in
1321 864 1465 966 opere
1491 828 1758 970 graviiiimo

452 967 605 1068 socios
644 965 884 1069 habebant
925 979 971 1064 &
1012 965 1247 1100 collegas:
1299 975 1564 1120 Deinceps,
1606 985 1775 1111 quan·'

456 1106 519 1205 do
558 1106 674 1206 dicit
708 1117 769 1205 A.
803 1139 949 1234 1523.
1005 1102 1135 1243 quod
1170 1105 1297 1204 arinis
1317 1105 1419 1238 sere
1441 1145 1638 1242 qumque
1653 1117 1759 1242 jam

454 1245 666 1345 docuerit
701 1241 1011 1378 Evangelium
1051 1241 1196 1378 (apud
1221 1235 1450 1376 Tigurinos
1474 1242 1667 1379 scilicet)
1700 1281 1760 1347 eo

454 1390 655 1482 minime*
699 1380 988 1500 excluditur,
1036 1380 1086 1477 id
1121 1380 1252 1517 quod
1280 1390 1330 1478 in
1356 1388 1637 1482 Eremitorio
1656 1390 1761 1518 jam

453 1557 549 1660 quo
585 1559 642 1621 ue
666 1517 815 1618 fuerat
838 1515 1147 1638 inchoatum,
1185 1556 1282 1656 quo
1306 1517 1425 1616 Lud.
1455 1523 1761 1625 LAVATE.

452 1559 587 1792 litii
630 1657 951 1756 testimonium
991 1663 1342 1757 commentario
1379 1665 1473 1793 ejus
1509 1665 1562 1756 in
1598 1668 1762 1761 Estam

450 1790 729 1935 praemiffum
755 1830 855 1892 non
881 1797 1035 1891 minus
1061 1789 1204 1892 facit:

318 1941 320 1946 ’
526 1937 1030 2032 OECOLAMPADII
1071 1963 1228 2029 autem
1266 1939 1317 2030 in
1357 1929 1556 2030 Lutheri
1585 1941 1762 2073 Operi·

450 2069 536 2169 bus
572 2067 616 2205 b)
680 2067 823 2168 verba
864 2076 989 2166 certe
1026 2066 1079 2167 de
1113 2067 1426 2207 oppaqnatt'one
1458 2067 1762 2207 Indulgentia-

451 2247 554 2307 rum
589 2205 940 2347 piaeciseaquod
980 2200 1071 2304 stnt
1105 2207 1420 2343 intelligenda
1449 2206 1630 2346 liquet,
1675 2208 1761 2310 ada

450 2343 603 2446 versus
628 2382 740 2485 quas
766 2342 894 2483 quod
920 2349 1098 2481 primus
1125 2344 1244 2444 adeo
1269 2343 1523 2446 solenniter
1547 2356 1598 2447 in
1620 2349 1760 2486 palae·

451 2485 595 2586 stram
622 2484 851 2622 prodierit
876 2479 1127 2605 Lathon,
1158 2482 1223 2583 est
1250 2480 1579 2608 certiffimum‚
1607 2520 1761 2626 quan-

450 2623 710 2765 doquidem
734 2619 1010 2756 Zwinglius,
1039 2657 1139 2719 non
1158 2621 1198 2759 c)
1228 2619 1479 2723 occaslone
1501 2625 1762 2764 Indulgen-

449 2772 624 2864 tiarum
661 2761 789 2863 suam
828 2757 1011 2862 exorsus
1049 2758 1188 2860 fuerit
1226 2759 1647 2885 reformationem,
1684 2760 1762 2865 sed

451 2901 599 3039 longe*
627 2909 898 3035 graviorum
924 2912 969 2995 &
996 2895 1312 2993 difficiliorum
1340 2897 1673 3016 articulorum,
1710 2927 1765 3000 ut

453 3036 514 3137 ab
562 3072 658 3156 e0,
723 3071 819 3173 quo
857 3032 902 3130 se
937 3027 1168 3129 Samsonis
1204 3032 1510 3167 impudentiae
1543 3034 1765 3173 opposuit

454 3172 745 3309 Zwinglius‚
796 3201 1041 3305 tempore,
1093 3174 1189 3301 ejus
1225 3165 1526 3268 Reformatio
1566 3171 1763 3276 nonsit

454 3306 781 3445 arceffendad)
797 3384 812 3432 ,
849 3304 928 3407 sed
960 3303 1018 3405 ab
1042 3303 1140 3443 ipsa
1164 3307 1408 3445 Evangelii
1437 3316 1636 3446 purioris
1656 3318 1763 3447 jam

455 3489 584 3553 anno
598 3451 787 3551 decimo
799 3441 927 3547 sexto
942 3442 1174 3547 inchoata
1187 3453 1577 3573 annunciatione,
1595 3486 1759 3591 quam,

1652 3625 1763 3691 cum

464 3773 470 3782 ·
498 3755 534 3845 a)
560 3778 596 3827 v.
622 3754 789 3831 Bibliotb.
815 3751 960 3850 Miscell.
986 3774 1023 3850 p.
1040 3773 1129 3849 709,
1154 3776 1201 3826 ex
1219 3751 1418 3827 LAVAT.
1437 3751 1578 3850 ptaefat.
1595 3753 1639 3826 ad
1657 3781 1762 3831 com·

451 3854 666 3930 mentatiutn
688 3877 723 3924 tn
746 3852 843 3922 Estae
864 3851 1008 3923 librum.

500 3951 542 4040 b)
568 3976 604 4024 v.
623 3950 736 4024 LUT
742 3949 794 4021 H.
813 3947 915 4045 Opp.
929 3946 1070 4042 Jenens.
1088 3944 1154 4022 fol.
1167 3944 1246 4047 183.
1266 3946 1352 4021 edit.
1367 3959 1469 4046 1556.
1487 3946 1551 4021 fol.
1568 3959 1649 4024 262.
1674 3947 1763 4025 edit.

458 4062 623 4235 ¹5iiiia
646 4140 1057 4218 PALLAVICINUS
1084 4144 1123 4216 in
1150 4142 1248 4217 Hist.
1276 4141 1395 4219 Cone.
1419 4141 1526 4217 Trid.
1545 4142 1590 4217 L.
1606 4166 1638 4216 1.
1656 4166 1690 4217 c.
1706 4164 1762 4231 19.

452 4268 538 4434 pai)
557 4266 805 4424 2v7flntrodnti.
821 4338 895 4418 loc.
913 4337 980 4415 cit.
997 4359 1083 4438 pag.
1096 4361 1109 4414 ι
1121 4359 1176 4438 30.
