4442 5150
476 593 652 691 Assae.
807 585 934 666 Ru
982 586 1116 667 No
1164 584 1205 666 V
1236 587 1298 666 .A-
1325 590 1376 668 'T
1427 595 1460 684 I.
1745 629 1794 705 59

478 714 720 809 &formatione
734 708 884 808 indigere
897 733 971 785 non
986 731 1153 811 negaret:
1180 712 1365 791 Caeterum
1384 715 1414 791 is
1430 740 1514 793 curn
1526 718 1581 793 lm
1612 721 1789 800 eriiPrin·

476 817 579 913 cipes
598 813 639 886 N
642 811 822 921 oribergae
836 829 1056 884 conventum
1075 807 1315 908 celebrarent,
1346 812 1391 888 eb
1410 839 1554 914 quoque
1570 744 1671 893 iilum
1691 823 1788 898 misit

476 914 662 1014 legatum,
698 906 805 1003 Qun
819 903 897 980 imi)
912 907 1018 981 etiam
1035 906 1074 982 d.
1089 929 1131 983 v.
1150 906 1325 984 Oblobris
1343 936 1406 1011 per
1423 917 1658 1018 Hieronymum
1676 921 1786 992 Rora-

475 1015 567 1084 rium
593 1007 615 1082 ὲ
639 1007 708 1081 suis
723 1003 951 1080 cubiculariis
968 1027 1110 1100 unum,
1142 1005 1302 1107 quiante
1317 1007 1475 1108 legatum
1494 1012 1532 1087 in
1549 1014 1781 1092 Germaniam

476 1111 608 1201 venit,
636 1104 681 1179 ad
713 1100 924 1177 Fridrviem
958 1104 1137 1179 Saxonem
1169 1101 1231 1177 dat
1266 1103 1382 1180 literas
1417 1107 1524 1206 hujus
1555 1117 1779 1211 argumenti:

474 1206 686 1306 „Gratum
710 1198 773 1274 libi
796 1198 929 1295 fuiffe,
962 1223 1074 1302 quum
1098 1200 1144 1275 de
1164 1224 1348 1277 conventu
1372 1204 1415 1278 N
1418 1205 1596 1306 oribergae
1618 1210 1779 1308 audiret,

472 1357 503 1403 „
526 1297 761 1474 pratillimum
786 1297 898 1394 verb,
931 1322 1016 1373 cunr
1042 1296 1159 1396 ipsum
1178 1296 1225 1374 eb
1248 1322 1603 1400 quoqueventurum
1621 1311 1778 1420 accepis·

474 1454 505 1500 „
543 1421 604 1494 et,
635 1398 731 1496 spem
756 1397 853 1470 enirn
876 1393 944 1470 elie
967 1419 1157 1495 magnam,
1191 1397 1245 1488 (a)
1269 1399 1404 1496 aliquid
1432 1401 1483 1475 ibi
1507 1403 1692 1498 decretum
1710 1410 1777 1503 tri,

472 1550 504 1596 ‚,
527 1497 624 1598 quod
643 1496 687 1571 ad
704 1492 913 1663 reipublicae
927 1490 1074 1568 salutem
1091 1517 1133 1568 ac
1147 1493 1361 1664 dipniratem
1378 1501 1577 1594 pertineat:
1600 1502 1692 1576 hanc
1707 1506 1775 1579 eti·

470 1647 501 1693 „
525 1620 581 1668 am
597 1593 668 1667 eil'e
683 1615 749 1667 cau
764 1615 840 1685 am,
872 1615 939 1666 cut
953 1589 998 1665 de
1013 1589 1164 1665 confilio
1192 1613 1315 1666 enatus
1332 1595 1588 1693 cardinalium,
1622 1598 1775 1699 legatio·
1825 1631 1827 1634 ·

471 1717 602 1791 „nem
627 1692 664 1764 in
691 1689 923 1764 Germaniam
949 1687 1179 1762 decreverit:
1212 1690 1361 1764 voluisse
1385 1712 1504 1767 autem
1529 1695 1665 1771 interea
1686 1697 1773 1775 dum

470 1843 501 1888 ‚,
525 1791 662 1892 legatus
692 1786 756 1861 ille
777 1785 821 1860 ad
848 1786 943 1860 viam
969 1782 1038 1859 lese
1062 1806 1280 1882 comparet,
1312 1788 1410 1865 hunc
1432 1794 1682 1891 praemittere,
1714 1800 1775 1877 cui

469 1938 498 1985 „
522 1886 726 1978 mandarit,
757 1904 799 1958 ut
823 1880 972 1981 ipsum,
1006 1904 1121 1981 quent.
1139 1882 1241 1958 valde
1267 1883 1405 1985 semper
1425 1887 1615 1986 dilexerit,
1648 1892 1774 1990 adeat,

466 2038 495 2085 „
518 1986 692 2083 suumque
714 2004 800 2081 erga
824 1979 1085 2081 rempublicam
1112 1979 1267 2057 studium
1284 2008 1327 2058 ae
1349 1985 1573 2062 voluntatem
1589 2014 1771 2089 exponat,

466 2081 821 2185 „quemadmodum
835 2104 881 2154 ex
898 2100 967 2174 eo,
1000 2076 1331 2178 quisubsequetur,
1363 2081 1397 2155 le
1424 2105 1505 2176 ato,
1533 2088 1709 2185 copiosius
1729 2090 1773 2167 iit

465 2233 496 2281 „
520 2181 723 2255 auditurus:
759 2178 925 2252 bortatur
942 2196 1061 2251 autem
1081 2176 1121 2250 δε
1136 2179 1251 2276 petit,
1284 2199 1326 2251 ut
1344 2179 1440 2278 ipe,
1472 2181 1536 2278 qui
1557 2182 1600 2258 fit
1621 2187 1769 2285 imperii

466 2328 497 2377 ,‚
521 2279 705 2378 princeps,
731 2283 835 2376 eujus
852 2273 995 2373 quidem
1013 2275 1051 2347 in
1068 2274 1217 2374 imperii
1236 2276 1350 2351 tutela
1366 2275 1525 2353 versetur
1533 2280 1769 2359 ecclciiaRo·

463 2408 494 2474 „·
520 2400 640 2468 mana,
666 2375 859 2476 diligenter
873 2371 1053 2462 elaboret,
1077 2395 1120 2445 ac
1137 2374 1175 2448 in
1193 2373 1352 2449 medium
1370 2398 1411 2453 ea
1427 2373 1610 2472 consulat,
1635 2382 1769 2479 quaead

460 2474 726 2576 „dignitatem
749 2469 911 2548 ecclesrae
934 2468 1160 2643 Apostolihae
1188 2473 1226 2549 &
1250 2471 1295 2558 ad
1319 2475 1502 2576 publicam
1529 2479 1768 2580 tranquillita-

482 2593 486 2599 ’
693 2627 696 2633 .
1174 2592 1197 2644 ι
1346 2643 1348 2647 ,
1640 2630 1668 2670 ,‚
1694 2597 1769 2655 tem

456 2713 482 2797 ᾗ,
503 2726 571 2787 tes,
595 2707 630 2773 in
642 2725 711 2773 uno
725 2707 766 2773 eli
789 2725 832 2770 uo
844 2705 983 2773 vidiorie
999 2719 1185 2785 compotes,
1212 2722 1376 2786 nunqnam
1390 2707 1613 2789 congrediendi
1629 2708 1660 2773 ἃ
1676 2728 1768 2775 coar·

455 2836 481 2878 „
503 2790 618 2870 guenti
634 2790 732 2857 finem
742 2788 779 2874 it
810 2808 891 2855 uros.
936 2789 972 2855 in
988 2786 1112 2854 cuneis
1127 2790 1218 2855 rebus
1234 2789 1378 2852 humenis
1394 2787 1450 2852 usu
1466 2789 1587 2857 venire.
1613 2804 1648 2853 ut
1665 2793 1716 2854 cui
1731 2793 1766 2859 iu

453 2921 477 2962 „
497 2873 601 2955 aliqua
623 2874 828 2955 pullulatione
851 2873 977 2938 satis-eil
992 2869 1131 2947 fabium,
1158 2869 1184 2937 is
1200 2869 1352 2953 pullulata
1366 2871 1528 2952 postulatis
1541 2877 1766 2954 accumulans,

450 3004 475 3045 „
497 2958 605 3023 omnia
620 2958 783 3040 impetrare
797 2962 916 3038 cupiat,
936 2958 965 3022 dt
982 2956 1039 3021 sno
1056 2956 1107 3021 tibi
1123 2956 1192 3039 jure
1201 2955 1305 3033 deberi
1320 2953 1436 3021 eredat.
1479 2954 1630 3038 liiiioriss
1645 2972 1765 3043 vereret

450 3088 477 3131 „
498 3043 697 3107 volventibus
719 3044 853 3124 liquere,
880 3059 916 3104 et
938 3058 1005 3122 quo
1028 3056 1170 3121 tempore
1183 3054 1263 3130 nate
1277 3036 1348 3124 lunt
1364 3038 1508 3119 ira-reses,
1536 3039 1675 3108 ecclelia
1691 3038 1764 3131 lto,

451 3172 475 3209 „
496 3142 596 3191 mane
610 3125 828 3192 aueorrnren
844 3123 1046 3202 vellicantes,
1060 3143 1174 3191 omnes
1189 3140 1353 3206 corruptos
1368 3123 1460 3189 curie
1475 3142 1582 3190 mores
1597 3126 1763 3194 conatibus

449 3255 474 3294 „
494 3206 555 3274 suis
576 3207 756 3275 obtendisse.
801 3205 949 3271 Praeterea
971 3209 1131 3274 nerninem
1153 3225 1293 3292 unquam
1350 3208 1497 3275 ntiflcom
1512 3205 1704 3277 reformandi
1717 3214 1765 3275 vi·

450 3338 473 3376 „
492 3309 545 3357 sm
568 3293 653 3376 quafi
679 3295 770 3358 rebus
792 3289 854 3355 suis
869 3290 981 3357 utilem
995 3290 1177 3373 sequutum,
1200 3292 1258 3357 ¹sed
1314 3293 1413 3358 bibitis
1429 3294 1759 3375 primummonitis&

450 3419 475 3459 v
492 3374 1761 3546 tertullatelrat,iattrmuaasrtrtraalrr
1837 3448 1839 3455 =

451 3502 473 3540 ,5
1047 3527 1050 3533 ,
1227 3505 1234 3524 r

452 3585 475 3625 „
494 3548 595 3609 ullam
610 3541 696 3625 pulle
710 3543 839 3620 inllitui,
869 3560 939 3624 que
953 3543 1160 3627 obventiones
1175 3541 1393 3622 ecclefiaiiieas
1409 3558 1476 3605 non
1491 3539 1645 3620 inignitei
1658 3538 1760 3610 denti,

450 3669 474 3708 „
494 3642 605 3692 nutum
627 3641 687 3692 eat.
730 3626 875 3727 Qouum
897 3644 973 3692 conr
987 3642 1123 3710 quatuor
1139 3628 1195 3695 fiat
1211 3616 1348 3702 fontem*
1363 3641 1445 3690 unus
1459 3621 1636 3710 umporalvi,
1666 3623 1759 3706 limus

453 3749 478 3789 „
496 3709 690 3776 ecclesiastici
705 3710 820 3777 reditus
835 3705 996 3791 ordinarii,
1013 3709 1260 3796 aliispr’rieairlen
1276 3707 1492 3789 indulgentie,
1520 3705 1759 3790 dispensationes

451 3837 474 3876 „
495 3791 768 3861 &beneficiorum
792 3795 1003 3873 collationes3
1032 3801 1161 3862 nullum
1175 3798 1289 3861 horum
1305 3792 1392 3877 polle
1405 3790 1550 3866 occludi,
1580 3793 1655 3873 quin
1668 3792 1759 3857 dere·

455 3918 480 3955 „
496 3894 589 3957 pente
610 3877 650 3942 de
675 3876 770 3944 ceusu
792 3877 1001 3945 eccleiallico
1015 3893 1125 3961 quatra
1141 3898 1209 3965 pars
1223 3877 1360 3943 decedat·
1374 3922 1395 3954 .,
1436 3874 1612 3942 Hadrianus
1627 3876 1679 3941 ubi
1693 3876 1757 3941 ani·

453 3977 510 4025 mo
528 3962 594 4025 bec
609 3962 825 4044 perpenderet,
843 3962 939 4038 dixit,
956 3966 1093 4047 verim
1104 3961 1335 4051 memdicare
1345 3957 1549 4039 raditionem,
1567 3983 1635 4050 qvos
1645 3961 1760 4041 deficias

454 4045 531 4109 relic
547 4045 680 4122 faciendi
701 4044 841 4115 iareim
869 4051 961 4112 etiam
981 4068 1049 4111 curn
1071 4053 1206 4119 maxim
1227 4044 1324 4112 velint
1343 4044 1385 4120 ἐᾷ
1405 4046 1482 4109 nalo
1494 4044 1586 4110 labori
1600 4068 1631 4110 eo
1645 4050 1759 4107 nomine

449 4142 586 4215 parcant.
606 4131 669 4193 vid·
686 4128 777 4194 Paul.
797 4127 923 4195 SARP.
939 4128 1019 4197 Hill.
1032 4129 1163 4201 Concil.
1175 4129 1268 4201 Trid.
1284 4128 1386 4199 Lib-r.
1406 4145 1475 4215 pag.
1486 4147 1537 4194 21.

499 4210 548 4299 (o)
570 4209 792 4280 SLElDAN.
806 4211 932 4281 bibon.
953 4212 1073 4302 iol.4p
1087 4216 1119 4285 b.
1551 4255 1555 4265 ·
1596 4263 1599 4270 -
