4442 5150
461 645 629 746 nuru.
796 643 838 721 R
887 645 919 719 E
968 614 1097 720 N'O
1149 645 1186 722 V
1236 651 1268 725 A
1319 651 1355 726 T
1405 653 1466 728 1.'
1544 656 1573 666 ''
1702 677 1764 756 351

459 785 643 871 dicarent,
666 778 850 877 quibusvis
869 776 994 848 incolis
1012 775 1054 847 ad
1073 799 1112 850 ea
1129 780 1320 853 accedendi
1340 781 1468 856 dabant
1486 782 1721 882 potestatem,
1739 791 1765 863 ii

485 883 522 953 ui
547 879 592 950 ab
612 876 915 972 Evangelicorum
934 874 1092 968 partibus
1110 896 1227 968 erant,
1257 880 1315 950 cui
1335 903 1416 950 cum
1437 881 1621 954 Pontificii
1641 887 1691 973 (a)
1710 909 1765 957 re·

459 907 704 1075 angerentur,
741 996 793 1045 res
820 974 863 1043 ad
891 970 1068 1042 Abbatem
1098 972 1135 1044 S.
1161 972 1362 1046 Gallensem
1391 979 1545 1071 regionis
1564 981 1766 1056 Dominum

459 1075 525 1147 ista
542 1072 684 1170 quidem
702 1068 753 1142 est
772 1068 905 1158 delata,
925 1069 1009 1163 qui,
1027 1065 1224 1140 frustraneo
1243 1070 1327 1143 licet
1345 1071 1500 1143 successu
1517 1096 1557 1143 ea
1574 1076 1618 1147 de
1635 1103 1673 1149 re
1691 1078 1765 1174 pri·

459 1195 557 1245 ntum
578 1169 735 1262 scripto,
761 1166 929 1261 deinceps
946 1164 1124 1257 sermone,
1144 1166 1299 1239 Ordines
1317 1167 1504 1259 monebat,
1524 1170 1608 1242 dum
1628 1174 1765 1249 interes

486 1294 523 1342 er
540 1266 756 1362 superiorem
777 1266 969 1335 comitatus
988 1282 1124 1356 partem
1138 1264 1213 1359 jam
1232 1263 1370 1335 strenue
1388 1266 1423 1335 in
1436 1266 1667 1340 demoliendis
1686 1273 1765 1342 ido·

457 1294 525 1457 lis,
551 1384 657 1458 atque
676 1359 892 1433 destruendis
912 1357 1079 1429 altaribus
1099 1360 1420 1454 progrediebantur
1437 1383 1543 1458 atque
1561 1362 1655 1459 spem
1674 1390 1765 1438 con·

459 1465 492 1535 ci
522 1459 665 1550 iebant,
699 1455 777 1528 fore
801 1475 843 1527 ut
869 1455 939 1526 hoc
957 1455 1124 1549 exemplo
1142 1455 1279 1547 allesli,
1306 1459 1368 1554 qui
1387 1458 1588 1533 inferiorem
1608 1462 1644 1533 in
1662 1461 1763 1535 habi·

458 1487 578 1633 tabant
599 1575 758 1651 partem,
786 1553 881 1646 paria
897 1549 1012 1623 facere
1031 1575 1101 1620 non
1119 1552 1355 1649 negligerent.

505 1668 537 1740 §.
558 1651 747 1724 CXVlll.
776 1645 918 1720 luteres
943 1646 1029 1718 dum
1057 1648 1107 1717 ita
1134 1650 1237 1721 variis
1256 1651 1291 1720 in
1310 1648 1398 1722 locis
1416 1651 1605 1750 Evangelii
1622 1654 1684 1727 lux
1703 1680 1762 1730 ac·

457 1751 624 1824 tenditur
651 1746 858 1818 imminebat
876 1747 1049 1835 Bernenstr
1065 1742 1317 1837 Disputationis
1335 1747 1575 1841 praestitutum
1596 1770 1762 1847 tempus,

458 1846 596 1942 ipsique
631 1842 818 1915 Beruenses
851 1840 956 1912 nullis
992 1835 1087 1909 varie*
1123 1841 1210 1912 licet
1241 1842 1390 1938 objeslis
1417 1845 1679 1941 impedimentis
1705 1851 1761 1943 (b)

459 1940 634 2015 commoti
662 1940 807 2012 decreto
834 1936 855 2009 d
878 1936 910 2009 se
927 1933 1021 2007 festo
1039 1935 1242 2009 constanter
1259 1940 1457 2032 inhaerent,
1483 1963 1589 2040 atque
1606 1946 1649 2017 ad
1666 1946 1761 2018 diem

456 2032 733 2136 praescriptum,
776 2035 837 2132 qui
873 2053 947 2107 erat
973 2032 1047 2104 dics
1073 2031 1229 2121 Januarii
1247 2035 1443 2131 septimus,
1478 2041 1573 2111 Anni
1601 2042 1762 2114 vicesimi

454 2135 595 2229 octavi,
629 2133 804 2208 assionem
831 2133 1000 2202 inchoant
1008 2160 1022 2215 3
1058 2128 1324 2227 Episcoporum
1347 2135 1466 2206 aderat
1489 2137 1605 2210 nullus
1624 2139 1677 2234 (c)
1703 2138 1762 2212 sed
1815 2229 1818 2234 ι

1707 2259 1762 2307 rn-

495 2328 546 2408 a>
572 2323 819 2392 Hormus.
837 2284 937 2387 rien.
956 2318 1051 2412 ree.
1070 2335 1183 2402 p.379.
1206 2319 1431 2388 Rucuur.
1450 2329 1512 2389 tc.
1530 2326 1609 2409 pus
1634 2375 1642 2389 .

513 2414 548 2488 b)
573 2410 732 2488 Quaenam
757 2408 812 2469 illa
837 2406 893 2467 siut
916 2402 1041 2483 objesle
1063 2404 1283 2550 impedimenta
1302 2407 1346 2470 his
1363 2407 1462 2470 verbis
1479 2425 1598 2483 enarrat
1612 2346 1762 2478 lsUcE·

454 2489 487 2558 R
534 2489 554 2555 S
574 2492 605 2554 iu
623 2487 681 2569 Ep.
701 2488 803 2549 dedic.
828 2487 866 2548 ad
884 2486 1084 2570 Magistratus
1150 2485 1314 2571 Evangelii
1328 2489 1482 2554 ministros
1498 2491 1667 2585 Beruenses
1685 2519 1762 2582 prae·

355 2614 358 2623 ·
453 2574 544 2642 milla
568 2569 852 2636 commentariola
876 2566 1085 2653 Evangelium
1110 2567 1276 2649 johannis:
1316 2573 1441 2653 „Huic
1465 2574 1660 2661 disputationi
1676 2582 1761 2650 initio

454 2704 477 2741 ,‚
496 2655 589 2720 Satan
615 2658 666 2736 (ut
690 2653 767 2736 sepe
791 2653 818 2717 ei
842 2651 1005 2718 Dominus
1029 2655 1201 2740 quamlibet
1224 2656 1377 2739 versipelli
1399 2658 1442 2720 im
1464 2677 1559 2723 onere
1574 2661 1671 2743 soler)
1695 2686 1761 2730 nou

456 2788 477 2823 ,‚
495 2758 604 2822 parum
628 2738 767 2814 favebat,
799 2738 919 2821 sperans
945 2738 975 2801 se
998 2757 1050 2819 per
1074 2737 1146 2801 suos
1172 2738 1192 2802 li
1216 2740 1288 2803 nibil
1305 2740 1408 2819 aliud,
1445 2744 1540 2806 altem
1556 2744 1612 2808 hac
1629 2746 1762 2827 disputa·

455 2870 478 2907 „
496 2823 580 2886 tione
605 2819 800 2904 Evangelico
824 2822 926 2884 cursui
942 2839 1100 2883 remoram
1118 2820 1320 2900 injeslurum.
1362 2823 1431 2889 Ubi
1445 2841 1550 2889 autem
1567 2827 1657 2891 sensit
1673 2828 1704 2891 iu
1720 2849 1759 2893 eo

454 2954 477 2989 „
495 2906 633 2971 concilio
657 2903 833 2987 praesentius
858 2903 919 2967 sese
936 2904 1073 2968 exserere
1090 2923 1208 2968 numen
1227 2906 1357 2986 Christi,
1379 2906 1473 2972 facile
1491 2907 1647 2991 conjecit,
1671 2912 1760 2979 secus

453 3038 475 3073 „
492 3007 586 3071 atque
609 2990 777 3073 cogitarat,
808 3003 1008 3133 eventui*
1047 2985 1169 3052 Omnia
1192 2990 1282 3073 igitur
1298 2992 1327 3055 in
1345 2992 1502 3058 diversum
1518 2994 1629 3076 uertit,
1653 2994 1760 3081 &pri-

453 3123 475 3159 „
492 3074 583 3139 mrim
600 3088 738 3136 avertere
755 3072 937 3156 disputation
1008 3071 1133 3136 summa
1148 3073 1179 3135 vi
1196 3092 1327 3138 conatus
1345 3076 1397 3140 esl.
1437 3077 1522 3142 Hinc
1538 3078 1628 3144 illicb
1645 3081 1759 3144 habeu-

424 3208 437 3222 ,
453 3207 474 3243 ‚‚
492 3173 541 3222 tur
566 3159 693 3221 comitia
717 3156 732 3218 d
751 3157 928 3230 soederatis,
953 3171 1111 3234 captantur
1130 3157 1212 3222 varia
1228 3160 1375 3243 cousrlia,
1398 3160 1572 3226 scribuntur
1589 3165 1626 3228 ad
1645 3184 1702 3226 vos
1721 3166 1758 3225 li·

452 3291 474 3325 „
492 3258 583 3318 terae,
614 3243 726 3325 quibus
751 3239 884 3304 acriores
908 3238 944 3298 ab
967 3236 1119 3303 Helvetiis
1137 3259 1201 3303 non
1219 3244 1348 3326 legistis,
1372 3246 1639 3329 &invulgantum
1663 3263 1757 3323 nega·

452 3342 540 3408 „tur
565 3326 641 3388 fides
668 3324 724 3387 tuti
749 3321 862 3386 itineris
888 3321 1079 3401 preconibus
1105 3321 1240 3389 Cbrllli:
1269 3327 1404 3391 scribunt
1423 3328 1586 3411 Episcopi,
1611 3327 1694 3391 &ab
1710 3326 1759 3389 iu·

453 3456 474 3489 ‚‚
491 3429 541 3468 coe
565 3423 598 3467 to
623 3427 679 3470 vos
705 3406 806 3470 modis
824 3404 970 3468 omnibus
988 3402 1207 3481 dehortantur,
1231 3426 1334 3487 neque
1351 3410 1463 3473 desunt
1479 3412 1594 3483 minae3
1619 3408 1757 3473 scribunt

449 3538 472 3573 ‚‚
492 3486 521 3549 u
545 3429 706 3570 {piscopis
732 3485 1002 3551 formidabiliores.
1043 3482 1085 3545 Et
1102 3502 1141 3545 ne
1158 3486 1234 3566 quid
1251 3487 1267 3549 i
1285 3504 1368 3571 parte
1386 3489 1614 3571 Magistrorum
1633 3488 1755 3553 nostro·

450 3622 474 3657 „
493 3588 564 3633 runt
582 3568 763 3652 cessaretur,
781 3570 896 3653 scripsrt
912 3567 949 3630 sd
967 3584 1024 3631 vos
1040 3587 1078 3631 er
1094 3568 1209 3632 horum
1222 3589 1356 3636 numero
1369 3571 1441 3648 Joh.
1453 3571 1640 3653 Cochlaeus,
1656 3572 1758 3640 bomo

452 3707 472 3745 „
489 3666 598 3716 contra
622 3650 780 3717 Christum
805 3651 995 3737 impudentia
1012 3651 1041 3714 dt
1058 3650 1187 3715 audacia
1203 3653 1320 3735 ubique
1336 3654 1417 3717 irrisa
1434 3654 1563 3736 quidem
1581 3653 1611 3718 dt
1629 3653 1755 3726 sruslrn·¹

454 3791 476 3827 ‚‚
494 3753 542 3811 ta,
567 3732 681 3795 invida
698 3751 800 3799 tamen
818 3737 847 3800 ur
864 3754 1022 3819 nusquam
1039 3734 1070 3799 se
1087 3754 1153 3799 non
1168 3736 1336 3819 ingerente.
1361 3737 1455 3817 ue„

493 3823 543 3901 (c)
574 3816 629 3880 Ne
655 3817 715 3899 ipse
740 3819 869 3899 quidem
893 3816 1066 3903 Episcopus
1091 3820 1195 3884 aderat
1217 3818 1443 3896 Lausannensts
1468 3820 1506 3885 ad
1531 3820 1624 3903 cujus
1642 3814 1755 3893 ‘tamen

452 3903 601 3975 dioecesnt
626 3901 732 3963 Berna
754 3899 959 3981 referebatur,
990 3904 1109 3985 quique
1125 3923 1161 3966 ea
1175 3918 1298 3986 propter
1311 3903 1442 3987 repetitis
1460 3905 1577 3971 vicibus
1595 3924 1659 3971 erat
1676 3910 1755 3977 invi·

451 4008 550 4067 tatus,
569 3986 611 4050 uti
629 3999 709 4068 patet
725 4005 762 4048 er
780 3980 922 4066 Epislolis
942 3985 1116 4050 Procerum
1133 3984 1224 4067 Reip.
1237 3984 1400 4065 Bernensts
1415 3989 1452 4051 ad
1469 4010 1544 4053 eum
1561 3990 1591 4056 d.
1611 4007 1661 4072 27.
1679 3992 1755 4057 No·

451 4076 557 4139 vemb.
585 4071 662 4134 &d
683 4085 731 4149 23.
751 4066 937 4132 Decembris
951 4085 1041 4144 1527.
1074 4069 1104 4131 dt
1128 4069 1264 4149 denique
1280 4070 1312 4132 d.
1331 4090 1379 4134 η.
1397 4070 1531 4151 Januatii
1544 4071 1634 4154 1528.
1659 4077 1757 4162 datis,

455 4179 525 4240 quae
541 4173 655 4219 omnes
672 4172 749 4218 cum
766 4150 915 4235 generosa
930 4172 991 4234 pra
1007 4150 1038 4213 se
1053 4150 1152 4214 serant
1168 4151 1296 4217 consilia
1312 4154 1342 4219 ἀ
1358 4156 1564 4223 obfirmatum
1579 4158 1611 4219 iu
1627 4159 1755 4225 veritate

454 4239 615 4318 animum,
634 4253 668 4302 ut
682 4241 721 4305 ab
738 4234 880 4300 omnibes
899 4237 1040 4324 legantur
1055 4234 1127 4297 sunt
1143 4234 1262 4317 digna,
1282 4256 1317 4304 ut
1333 4258 1382 4304 eas
1398 4260 1529 4328 quoque
1544 4242 1623 4308 iuter
1638 4239 1756 4326 Docuf

452 4337 561 4391 menta
575 4325 647 4389 huic
665 4320 824 4391 volumini
840 4313 978 4410 subjesla
993 4312 1064 4384 No.
1079 4315 1215 4388 xxut.
1239 4324 1449 4391 retulerimus,
