4442 5150
498 621 567 717 ηε
691 610 1563 698 rrrsroarnuvnueutrr
1639 557 1808 720 arsat.

498 757 611 829 altera
632 756 717 828 rice
744 754 833 823 datis
860 749 902 821 ad
933 745 1114 818 Helvetiae
1142 745 1298 817 Ordines
1323 742 1378 816 scd
1406 746 1549 844 integro
1572 771 1669 822 anno
1694 753 1809 830 inter·

495 852 626 952 jesia,
669 851 784 924 mense
819 840 955 919 scilicet
992 843 1188 916 Decembri
1215 845 1294 914 anni
1322 841 1495 938 sequentis
1518 839 1632 941 ipss.
1667 850 1810 949 literis,

501 949 724 1046 Zutinglium
752 949 788 1019 &
817 944 1141 1036 (lecolampadium
1171 940 1381 1034 multiplicis
1408 939 1577 1016 haereseos
1595 946 1670 1039 (a),
1704 970 1813 1047 atque

499 1065 635 1144 negate·
657 1045 866 1138 cumprimis
898 1040 1288 1131 Transsubstantiariom'r
1313 1037 1504 1128 accusare,
1547 1062 1681 1138 eosque
1706 1051 1813 1123 variis

501 1143 669 1217 incessere
687 1141 841 1214 disteriis
860 1162 931 1210 non
950 1135 1156 1208 desistebat:
1186 1135 1258 1206 Hae
1278 1137 1413 1227 literae,
1433 1160 1516 1208 curn
1533 1139 1574 1208 ad
1586 1139 1814 1240 Zwinglium

379 1312 383 1317 ,
499 1241 625 1328 delatae
651 1239 782 1329 essent,
817 1259 893 1308 tum
913 1231 1001 1306 verb
1022 1236 1048 1304 is
1067 1232 1109 1304 ad
1131 1230 1221 1328 ipsos
1240 1256 1384 1328 quoque
1402 1245 1610 1308 communes
1628 1239 1814 1319 Helvetiae

501 1339 636 1434 legatos
663 1334 949 1432 d.15.Januarii
975 1341 1076 1425 ¹526·
1109 1331 1372 1424 exculpatorias
1397 1331 1479 1402 dare
1506 1333 1623 1406 literas
1648 1361 1721 1411 non
1748 1366 1812 1414 ne·

499 1437 638 1533 gleriit,
674 1437 779 1533 hujus
805 1433 1026 1528 argumenti:
1062 1428 1141 1520 „se
1164 1428 1329 1522 equidem
1359 1453 1431 1499 non
1456 1429 1647 1504 admodum
1674 1438 1813 1515 necesse

499 1586 525 1627 „
544 1534 727 1624 arbitrari,
755 1553 795 1603 ut
813 1533 853 1603 ad
875 1529 978 1600 Eccii
998 1525 1183 1622 epistolam
1203 1527 1459 1598 cavillatoriam
1479 1529 1514 1601 ἃ
1532 1530 1655 1605 multis
1671 1537 1811 1608 calum·

501 1684 528 1725 „
547 1634 613 1703 niis
633 1630 797 1703 refertam
818 1626 1047 1723 respondeat,
1073 1626 1208 1695 interea
1225 1647 1362 1713 tamen,
1389 1625 1445 1695 vel
1463 1649 1539 1697 eam
1557 1627 1606 1700 ob
1623 1631 1760 1706 causant
1777 1634 1812 1710 se

496 1728 601 1822 „res
622 1730 753 1799 ondere
780 1726 894 1816 velle,
930 1747 973 1795 ne
1000 1720 1114 1794 forsan
1141 1723 1169 1792 is
1195 1720 1327 1792 divinae
1356 1723 1499 1795 veritati
1515 1724 1632 1823 aliqua
1647 1753 1693 1803 ex
1710 1754 1813 1830 parte

497 1835 526 1920 ‚,'
545 1755 689 1898 allicere
712 1822 834 1923 possit:
872 1822 938 1892 Illa
957 1821 1117 1890 convitia
1136 1817 1313 1908 Ecciana,
1339 1817 1408 1891 esse
1428 1820 1624 1920 indicium,
1650 1829 1747 1924 quod
1767 1830 1811 1904 fi.

498 1977 525 2017 „
546 1925 590 1995 de
608 1925 724 2019 dignis
746 1921 942 2011 Scriptura
961 1918 1002 1988 S.
1022 1917 1174 1987 oraculis
1193 1915 1391 1988 doclrinam
1412 1917 1588 2016 Zwinglii
1607 1929 1812 2022 opprimere

439 2074 442 2079 <
497 2073 526 2113 „
547 2044 618 2090 non
647 2017 770 2114 poffit:
809 2017 962 2088 Eccium
992 2011 1079 2084 verb
1099 2017 1135 2086 ὅ(
1155 2013 1308 2085 Fabrum
1331 2016 1364 2085 in
1383 2039 1427 2086 eo
1446 2017 1650 2115 colludere,
1676 2047 1748 2097 non
1767 2047 1811 2100 ut

495 2119 684 2211 „veritati
703 2134 807 2211 quam
827 2110 1022 2210 oppressam
1047 2108 1231 2204 institerit,
1259 2111 1436 2206 suppetias
1454 2111 1591 2211 ferant,
1609 2118 1724 2195 sedut
1742 2121 1809 2197 fibi

497 2267 524 2309 „
545 2236 669 2310 parcnt
695 2216 870 2285 exitium:
906 2212 951 2284 Se
979 2211 1014 2280 in
1032 2209 1171 2304 scriptis
1189 2207 1256 2282 suis
1275 2209 1339 2281 fibi
1359 2213 1576 2287 contrarium
1596 2213 1700 2293 fuisse
1717 2245 1811 2295 nun·

398 2374 403 2383 .
495 2364 523 2405 „
541 2335 669 2406 quam,
689 2311 774 2384 licet
791 2313 897 2383 etiam
916 2306 1005 2381 ladle
1024 2303 1182 2404 primum
1200 2331 1240 2379 ac
1261 2307 1427 2405 deinceps
1446 2310 1531 2384 cibo
1549 2312 1717 2390 solidiore
1733 2321 1811 2394 sue·

494 2461 522 2502 „
541 2412 588 2482 rit
616 2409 706 2483 usus.
749 2408 907 2505 Quando
928 2426 1047 2478 autem
1069 2406 1339 2479 Sacramentum
1357 2408 1519 2502 corporis
1536 2411 1674 2488 Christi
1692 2405 1810 2491 n'omi·

493 2560 523 2601 „
541 2530 707 2601 naverat,
734 2528 810 2581 tunt
831 2507 864 2580 se
880 2505 969 2579 nibil
989 2504 1084 2577 aliud
1104 2502 1197 2577 velle
1216 2527 1321 2599 quarn
1343 2503 1435 2577 hoc:
1462 2508 1594 2583 Panem
1614 2513 1811 2610 Setinum,

495 2660 523 2702 „
541 2630 623 2704 quae
642 2609 679 2679 in
699 2606 884 2683 communi
902 2604 963 2677 illa
981 2604 1017 2677 δε
1036 2601 1182 2674 solemni
1201 2602 1361 2673 omnium
1374 2603 1660 2684 Christianorum
1678 2616 1811 2712 gratia·

495 2758 524 2801 ‚,
542 2730 625 2789 rum
648 2705 787 2779 asiione
811 2703 982 2799 frangi&
1003 2700 1078 2773 bibi
1098 2699 1338 2791 consuerunt,
1364 2700 1620 2782 sacramentum
1639 2711 1662 2782 i.
1682 2736 1713 2785 e.
1740 2711 1812 2813 fig·

495 2827 627 2898 „num
656 2803 723 2876 eli'e
748 2805 823 2884 veri
852 2803 945 2873 illius
973 2801 1013 2882 δε,
1037 2800 1192 2871 viventis
1219 2798 1382 2896 corporis
1408 2800 1567 2898 Christi,
1603 2808 1705 2905 quod
1729 2831 1769 2885 ut
1790 2810 1812 2885 a

494 2955 522 2995 „
542 2905 693 2974 mortuis
712 2901 921 2990 resurrexit,
942 2896 991 2969 fic
1010 2897 1052 2967 ad
1073 2896 1257 2969 dexteram
1280 2900 1349 2969 Dei
1372 2900 1482 2970 Patris
1499 2926 1612 2997 usque
1629 2904 1671 2975 ad
1689 2910 1810 2979 novis·

496 3049 523 3089 „
545 2997 620 3068 fimi
635 3001 767 3094 judicii
786 2996 878 3069 diem
899 2994 1072 3068 confidet.
1117 2994 1190 3066 Eos
1210 2991 1320 3087 verb,
1347 2996 1408 3087 qui
1428 3016 1575 3092 tropum
1594 3001 1731 3073 nullum
1751 3005 1810 3078 vel

497 3146 523 3191 „
544 3092 696 3189 figuram
719 3096 776 3173 hic
796 3095 983 3166 admittere
1001 3093 1150 3184 volunt,
1176 3116 1249 3164 non
1269 3088 1412 3164 tantirm
1431 3091 1545 3168 facere
1562 3119 1689 3170 contra
1705 3123 1809 3173 com·

497 3245 523 3287 ,‚
542 3216 685 3264 munem
705 3192 862 3279 sensum,
888 3190 943 3265 sed
956 3192 992 3264 ὃ(
1005 3190 1047 3262 de
1067 3190 1180 3262 tribus
1199 3189 1412 3263 Christiana:
1432 3189 1516 3265 fidei
1535 3196 1693 3269 articulis
1711 3196 1809 3273 reete

495 3344 522 3385 „
542 3290 670 3364 sentire
695 3315 768 3363 non
796 3289 913 3389 ppsse:
953 3286 1124 3362 Ascendit
1143 3290 1180 3359 in
1198 3290 1313 3361 coelos
1324 3321 1337 3375 3
1367 3288 1474 3363 Sedet
1493 3290 1535 3362 ad
1554 3292 1716 3367 dextram
1738 3298 1811 3372 Dei

492 3391 651 3483 „Patris
677 3389 959 3490 omnipotentis3
995 3386 1105 3460 Unde
1130 3406 1303 3458 venturus
1320 3385 1371 3459 est
1389 3386 1431 3459 ad
1456 3389 1685 3482 judicandum
1705 3395 1810 3471 vivos

492 3490 577 3583 ,‚&
607 3512 781 3564 mortuos.
824 3488 939 3586 Qtod
966 3484 991 3559 st
1018 3486 1112 3557 enim
1133 3483 1320 3559 Christum
1348 3484 1477 3579 (addit)
1497 3487 1556 3560 hic
1576 3494 1814 3588 corporaliter

1666 3642 1694 3683 „
1711 3616 1812 3666 man·

493 3702 687 3767 confidentia
709 3699 798 3765 asine
815 3698 925 3780 ftrerit,
952 3711 987 3763 ut
1008 3697 1174 3783 sponderet
1190 3695 1382 3774 Ordinibus,
1413 3749 1435 3784 „
1451 3700 1554 3764 modb
1572 3698 1719 3788 Tigurini
1736 3726 1813 3772 eunt

495 3787 676 3867 „audirent
701 3784 934 3865 disputantem,
966 3802 1020 3848 eos
1042 3782 1124 3848 adeb
1149 3795 1274 3863 repente
1297 3784 1428 3848 consilia
1452 3784 1506 3849 sua
1529 3782 1591 3849 esse
1613 3803 1811 3870 mutaturos,

493 3919 514 3953 „
533 3887 567 3935 ut
598 3867 707 3965 abinde
739 3870 894 3935 lubentius
919 3866 1107 3934 Turcarum
1131 3866 1230 3931 fidem
1254 3886 1352 3949 quam
1377 3865 1636 3936 Lutlretanorum
1661 3873 1719 3937 fiat
1742 3894 1811 3938 am·

493 4003 515 4040 ”
532 3958 704 4119 idixiiin'c'
721 4034 894 4120 Epistulam
911 4037 1039 4102 antehac
1057 4034 1204 4101 nondum
1219 4034 1333 4100 editam
1349 4055 1386 4099 er
1398 4034 1502 4101 Mas.
1521 3993 1811 4102 Wrneristeineri

493 4122 582 4269 {uod
600 4119 629 4181 in
637 4117 841 4186 Bibliotheca
856 4120 900 4185 Ti
924 4122 1012 4184 urina
1027 4120 1214 4199 asservatur,
1239 4120 1325 4183 nobis
1344 4120 1584 4186 subministravit
1599 4120 1811 4190 Dosiiffimus

489 4200 808 4375 ἧςῐέὃὸΙιΙΝϋδ
833 4204 865 4273 iu
926 4223 1038 4274 ocumr
1067 4206 1107 4273 sd
1131 4203 1212 4272 Hist.
1236 4200 1311 4270 Ref-
1336 4204 1435 4271 Hele.
1459 4204 1506 4272 T.
1524 4205 1552 4271 l.
1574 4225 1608 4273 a.
1619 4206 1663 4273 V.
1693 4229 1724 4294 p.
1738 4209 1811 4278 161.
