4442 5150
673 625 1517 738 PRAEFATIO.

449 805 634 925 „inter
686 832 853 898 omnes
901 797 1029 918 fuit,
1093 799 1211 897 adeo
1252 829 1303 899 ut
1340 796 1566 933 Tigurinae
1598 801 1755 902 civita·

388 1014 390 1021 .
452 1015 489 1061 „
514 936 569 1033 tis
609 936 751 1060 conssrl
793 936 884 1056 (M.
917 933 1117 1064 Reustius
1144 934 1228 1069 a))
1288 937 1639 1036 addicendum
1679 970 1758 1040 aut

450 1152 488 1199 „
516 1069 896 1210 respondendum
935 1071 1228 1193 hortaretur,
1280 1071 1313 1169 fi
1353 1082 1434 1212 qui
1464 1071 1637 1199 effent,
1675 1085 1758 1217 qui

301 1249 305 1254 ·
450 1289 487 1338 „
514 1212 643 1348 quod
668 1246 912 1348 opponere
940 1204 1153 1347 poffent,
1190 1208 1431 1311 haberent.
1493 1211 1608 1334 Sed,
1647 1251 1758 1316 cum
1845 1230 1855 1235 ’

451 1429 487 1474 ,,
515 1384 576 1446 ne
612 1348 673 1447 src
711 1348 904 1486 quidem
932 1349 1096 1484 aliquis
1125 1354 1442 1473 inveniretur,
1480 1357 1560 1488 qui
1589 1384 1759 1453 contra
1840 1375 1844 1379 '

451 1566 488 1612 „
514 1485 651 1585 illum
696 1487 869 1624 (quem
911 1490 1144 1582 ANTEA
1184 1483 1456 1586 haereticum
1491 1483 1580 1588 effe
1616 1491 1757 1588 multi

453 1703 488 1750 „
515 1624 1065 1755 CLAMITARANT)
1091 1629 1348 1761 quicquam
1374 1625 1634 1761 producere
1656 1627 1759 1726 vel-

450 1841 489 1887 „
517 1760 609 1883 let,
662 1760 818 1858 denuo
857 1757 1141 1896 consurgens
1166 1762 1426 1898 Zwinglius
1453 1771 1544 1866 ait:
1584 1771 1685 1864 Oro
1712 1779 1759 1864 δε

452 1894 722 2026 „obtestor
760 1934 881 2034 pet.
915 1928 1055 1998 ..ut
1090 1903 1172 2034 qui
1208 1903 1541 2000 ANTEHAC
1581 1901 1758 2002 doari-

449 2113 488 2163 „
518 2071 632 2136 nam
667 2072 825 2136 meam
862 2072 911 2134 re
948 2033 1207 2135 rehendere
1231 2051 1278 2135 &
1306 2074 1385 2135 me
1410 2068 1605 2177 propter
1630 2036 1758 2139 hanc

448 2251 486 2301 „
513 2173 733 2306 infamare
756 2171 880 2272 soliti
903 2069 1007 2271 iirnt
1034 2250 1221 2283 .....,.
1251 2174 1513 2312 prodeant,
1543 2191 1589 2276 δε
1614 2174 1760 2278 hare-

446 2318 664 2439 „ticum
704 2349 782 2410 me
820 2305 906 2410 effe
936 2312 1098 2449 palam
1127 2320 1446 2412 convincant:
1496 2314 1584 2413 Sed
1610 2352 1669 2413 ne
1695 2313 1759 2416 src

373 2475 377 2483 ’
447 2453 705 2590 „quidem
734 2457 981 2592 quisquam
1008 2448 1199 2591 prodire
1222 2449 1442 2572 volebat,
1471 2451 1598 2551 unde
1614 2461 1758 2552 tertio

449 2587 756 2728 „insurgens
791 2591 1053 2727 Zwinglius
1081 2667 1206 2691 .....
1240 2597 1532 2696 nominatim
1569 2587 1614 2691 se
1649 2591 1758 2691 illos

447 2741 884 2868 „provocaturum
921 2726 1009 2830 effe
1044 2725 1392 2853 minitabatur,
1441 2728 1528 2829 nist
1565 2730 1760 2830 tandem

449 2947 487 2994 „
516 2866 788 3006 prodirent,
828 2883 874 2968 δε
899 2865 1027 3009 quod
1039 2868 1160 3003 saepe
1183 2867 1381 2965 CLAM
1385 2866 1576 3000 polliciti
1601 2891 1755 2988 erant,

449 3083 488 3131 „
516 3041 644 3103 nunc
661 3005 837 3144 publice
853 3005 1127 3145 praestarent.
1158 3079 1194 3124 „
1255 3008 1496 3099 Hactenus
1524 3011 1652 3101 certe
1677 3040 1759 3102 eo-

450 3181 557 3245 rum
577 3180 681 3380 guae
698 3152 726 3244 a
742 3150 864 3249 Viro
884 3137 1273 3241 Fxcellentiffimo
1292 3137 1576 3263 afferuntur,
1603 3138 1756 3264 nihil,

451 3284 541 3381 Sed
610 3288 797 3421 einceps
834 3282 917 3381 fol.
951 3290 1064 3406 619.
1118 3307 1311 3401 tamen,
1363 3313 1474 3376 cum
1510 3275 1759 3416 disputatio

452 3419 591 3522 finita
614 3418 750 3543 effer,
777 3429 967 3533 Senatus
992 3423 1058 3516 ita
1084 3415 1359 3515 conclusum
1385 3410 1538 3514 feciffe
1555 3417 1728 3555 legitur
1742 3470 1757 3541 3

452 3637 489 3685 „
506 3565 883 3691 Qroniamvero
899 3588 1068 3655 contra
1083 3553 1762 3693 Hulerwingliummajoris

452 3776 490 3825 „
507 3696 671 3798 nostra
706 3694 907 3798 ecclesrae
932 3690 1187 3793 antistitem
1213 3708 1258 3791 δι
1285 3690 1581 3792 ecclesiasten
1611 3691 1762 3828 (quem

454 3914 490 3963 „
505 3834 711 3937 haldenus
732 3832 862 3932 multi
883 3830 998 3930 'clam
1020 3832 1269 3930 har‘ett'cum
1293 3831 1376 3964 effe
1394 3830 1620 3930 conviciati
1629 3831 1758 3965 sum)

454 4052 498 4109 „
509 3972 615 4115 post
650 3969 955 4104 articulorum
995 3965 1133 4111 ipsrus
1170 3969 1635 4109 promulgationem,
1674 4004 1761 4066 ne-

1405 4154 1409 4160 ’
1614 4181 1649 4234 υ
1676 4142 1765 4208 ¹¹¹⁰

502 4290 547 4398 b)
570 4292 684 4401 conf,
700 4277 804 4385 deno
818 4300 950 4378 latrari.
966 4297 1066 4396 nostr.
1091 4309 1125 4388 ς.
1144 4294 1295 4377 CXIX.
1320 4315 1405 4397 pag.
1423 4316 1510 4385 ιρι.
1604 4310 1607 4317 ’
1678 4373 1683 4384 .
