4442 5150
495 661 569 743 250
684 612 1074 713 rrisronra
1116 572 1565 715 {evannerit

496 775 621 871 Hujus
638 772 758 869 itaque
776 768 959 845 consortio
978 769 1006 843 is
1024 768 1236 843 mirabiliter
1253 771 1402 844 recreari
1421 791 1528 870 atque
1538 771 1581 844 ad
1596 767 1709 868 ipsunt
1721 788 1814 870 opue

496 871 670 964 excitari,
696 891 737 943 ut
754 868 885 964 junctis
904 868 1066 941 manibus
1085 893 1177 964 opus
1197 870 1348 942 Domini
1369 891 1601 968 peragerent,
1630 871 1812 944 Hofrnan·

496 994 562 1044 nus
580 968 713 1042 inaede
732 966 960 1058 cathedrali,
980 963 1245 1040 Hofmeisterus
1264 968 1299 1037 in
1319 969 1455 1063 templo
1467 969 1498 1040 F
1499 964 1812 1056 ranciscanorum5

498 1067 666 1164 Uterque
691 1086 809 1138 autem
835 1087 968 1234 magno
996 1063 1086 1136 Zelo
1113 1064 1275 1137 adversus
1301 1064 1583 1138 abominationes
1603 1064 1813 1141 Pontificiar

497 1163 734 1256 fulminabat,
767 1165 806 1238 dc
832 1187 879 1260 po
913 1161 1007 1234 etior
1033 1164 1244 1257 cumprimis
1263 1183 1418 1255 quatuor
1434 1164 1573 1260 populo
1592 1163 1812 1260 propositio·

497 1287 559 1354 pes
593 1261 820 1350 inculcabat,
863 1284 947 1358 quas
980 1256 1306 1336 SCULTETUS
1334 1261 1383 1355 (a)
1414 1262 1608 1358 profitetur
1641 1260 1674 1334 se
1705 1285 1814 1336 manu

498 1359 606 1460 ipfius
627 1357 861 1432 Hofmeisteri
880 1357 1026 1454 scriptas
1045 1359 1081 1428 in
1100 1359 1248 1454 quadam
1268 1357 1499 1432 Bibliotheca
1515 1356 1700 1456 reperisse,

507 1526 510 1531 ·
546 1477 590 1550 l.·
605 1475 742 1547 Christi
769 1470 990 1569 praesentiam
1017 1474 1242 1566 corporalem
1269 1498 1342 1545 non
1359 1471 1449 1565 esse,
1475 1498 1542 1547 nec
1560 1471 1627 1547 esse
1645 1473 1744 1572 posse
1761 1474 1814 1549 se·

595 1573 753 1646 cundum
774 1572 998 1667 Scriptutam
1020 1570 1100 1665 post
1118 1568 1355 1644 ascensronem
1374 1571 1469 1645 illius
1487 1573 1525 1645 in
1543 1573 1672 1646 coelos.

547 1669 601 1744 ΙΙ.
629 1664 782 1743 Carnem
812 1669 849 1740 ὅ(
876 1666 1080 1773 sanguinem
1108 1667 1245 1740 Christi
1272 1693 1344 1742 non
1362 1669 1503 1768 percipi
1520 1670 1758 1768 corporaliter
1776 1671 1815 1745 in

505 1770 508 1779 ’
594 1791 686 1861 pane
703 1768 740 1840 &
759 1768 844 1838 vino
862 1764 1103 1842 sacramenti..

468 1941 476 1964 ,
547 1864 636 2034 HLd
649 1862 835 2032 Chrqstum
853 1863 954 1936 nullo
971 1863 1055 1936 loco
1073 1882 1241 1962 tanquam
1259 1865 1499 1962 corporaliter
1514 1864 1726 1964 ptaesentem
1745 1866 1816 1942 esse'

594 1986 724 2033 aotan
752 1986 824 2033 um.

508 2096 515 2103 ·
547 2058 620 2133 IV.
647 2060 800 2135 Carnem
822 2059 859 2134 &
879 2049 1098 2156 Sanguinem
1117 2058 1254 2133 Christi
1272 2058 1503 2158 spiritualiter
1520 2057 1593 2133 fide
1611 2063 1766 2158 percipi.

546 2188 723 2279 Docuiss'e
739 2186 826 2263 verb
845 2189 889 2294 de
908 2190 960 2262 his
979 2190 1016 2264 ὃ(
1034 2191 1109 2264 aliis
1127 2213 1262 2288 magno
1277 2190 1404 2288 populi
1416 2187 1817 2290 consensu&applausu

499 2307 581 2367 tum
601 2288 656 2382 (b)
684 2289 820 2362 dicitur
840 2286 1127 2379 Hofmeisterur‚
1153 2289 1242 2362 adeo
1258 2310 1301 2362 ut
1319 2288 1513 2362 nonnullos
1528 2311 1673 2388 quoque
1690 2313 1736 2363 ex
1755 2315 1819 2366 ur·

498 2384 555 2463 bis
573 2387 889 2461 concionatoribus
908 2385 1057 2459 insuam
1077 2387 1293 2484 pertraxerit
1309 2383 1532 2460 sententiam.

549 2483 741 2583 Quidquid
764 2483 832 2578 sit,
858 2482 1040 2558 accusatus
1059 2486 1111 2573 (c)
1133 2485 1271 2559 idcirco
1291 2481 1312 2558 ὲ
1329 2482 1558 2579 sacrificulis,
1584 2484 1731 2559 decreto
1752 2485 1817 2559 Se·

499 2601 604 2656 natus
632 2586 790 2657 mittitur
817 2583 1012 2673 Basilum,
1047 2581 1223 2656 dodrrinae
1242 2582 1313 2658 suae
1333 2581 1540 2657 consensum
1561 2580 1582 2654 ὲ
1600 2586 1683 2658 viris
1701 2582 1819 2658 doerit

528 2682 678 2756 etitum:
713 2680 770 2755 sed
797 2679 890 2754 male
915 2681 965 2753 ibi
992 2680 1013 2752 i
1038 2682 1220 2758 nonnullis
1246 2701 1438 2778 acceptus,
1473 2705 1511 2754 re
1536 2679 1668 2754 insedla
1685 2683 1819 2775 rediit,
1869 2712 1874 2724 ¹

499 2704 700 2878 babuitque
718 2781 753 2852 in
771 2782 890 2851 animo
906 2777 1180 2877 Wittebergam
1199 2778 1382 2879 proficisci
1393 2812 1406 2867 3
1430 2777 1451 2851 i
1469 2803 1541 2878 quo
1561 2800 1681 2854 tamen
1700 2779 1819 2853 consr-

499 2876 552 2951 lio
570 2878 744 2977 Tigurini
764 2878 801 2951 ὃ(
819 2873 1060 2975 Sangallenses
1078 2875 1193 2973 ipsum
1213 2896 1450 2969 revocarunt,
1471 2896 1549 2949 tum
1569 2879 1704 2951 itineris
1724 2879 1819 2975 peti·

501 2974 653 3067 culum,
687 2995 766 3047 tum
793 2973 955 3069 cothoris
981 2974 1059 3071 ejus
1086 2974 1370 3049 imbecillitatem
1399 2972 1541 3049 causati.
1592 2976 1817 3075 Apologiam

501 3067 616 3169 igitbr
644 3068 819 3145 dodlrinae
844 3074 941 3166 suae,
971 3069 1037 3144 scri
1066 3092 1158 3145 tutae
1177 3070 1281 3148 dietis
1300 3074 1499 3167 munitam,
1529 3072 1711 3164 confecia:
1735 3072 1821 3156 Sed

352 3228 356 3234 ,
530 3188 654 3267 ropter
680 3166 924 3272 infensissimos
947 3168 1013 3241 fibi
1032 3096 1249 3243 bitrificulos
1267 3170 1362 3267 apud
1383 3172 1552 3245 Senatum
1572 3173 1635 3270 qui
1653 3167 1760 3245 cau't'e
1781 3174 1819 3243 in

499 3194 557 3343 bis
576 3266 640 3342 sibi
658 3267 926 3364 procedendum
936 3265 1004 3342 esse
1013 3291 1050 3340 ar
1078 3267 1184 3342 nebat
1198 3292 1323 3367 parum
1334 3265 1479 3344 effecit:
1500 3270 1819 3343 Frementeautem

500 3367 642 3468 populo
669 3364 791 3442 Abbas
817 3365 980 3442 coenobii
1006 3289 1141 3441 ordinis
1168 3365 1377 3461 Benedidii,
1404 3367 1502 3465 quod
1528 3366 1580 3440 est
1607 3369 1700 3441 intra
1720 3365 1819 3440 urbis

500 3467 661 3559 noenia,
677 3491 722 3540 ex
735 3465 884 3567 Bavaria
901 3485 1008 3538 vocat
1025 3466 1142 3538 virum
1161 3464 1307 3539 dodlum
1319 3465 1618 3562 &eloquentem,
1638 3470 1821 3539 Erasmunr

502 3567 700 3655 Rittarum,
733 3567 794 3661 qui
822 3562 1019 3637 dodltinam
1040 3563 1230 3662 Evangelii
1249 3583 1499 3660 oppugnaret,
1526 3564 1718 3638 &errores
1737 3566 1838 3662 Ιζο·Ι

503 3684 619 3736 manae
648 3662 822 3737 Ecclefiae
847 3660 1065 3736 defenderet.
1110 3664 1169 3756 Is,
1194 3682 1237 3737 ut
1256 3663 1431 3762 populum
1452 3661 1696 3759 demulceret,
1724 3663 1819 3833 bqis·

1763 3782 1820 3832 am

545 3941 595 4032 (a)
621 3936 714 4004 SCU
723 3936 867 4006 LTET.
891 3939 1011 4007 Annal.
1035 3938 1120 4007 Dec.
1140 3939 1166 4004 Ι.
1190 3960 1220 4024 p.
1234 3958 1309 4029 130..
1327 3941 1366 4005 ad
1385 3940 1429 4007 A.
1442 3959 1535 4022 1522.

543 4042 597 4121 (b)
623 4038 822 4121 Enimverb‚
860 4063 899 4108 ne
922 4043 1000 4127 quid
1023 4041 1237 4119 diffimulem,
1266 4041 1320 4106 vix
1343 4042 1527 4107 crediderim
1551 4040 1608 4107 sub
1632 4040 1690 4104 bac
1713 4034 1823 4100 forme

501 4125 635 4190 eandem
652 4125 730 4189 hanc
747 4126 923 4193 doclrinam
937 4128 1006 4207 'pam
1021 4142 1092 4192 tum
1108 4129 1146 4191 ab
1163 4125 1378 4192 Hofmeistero
1395 4125 1598 4211 Scaphusanir
1611 4120 1701 4189 fusse
1713 4119 1822 4186 incul-

501 4222 623 4288 catam,
648 4228 831 4293 quanquam
847 4210 878 4274 in
896 4211 952 4274 hac
968 4232 1002 4275 re
1016 4210 1170 4296 praefinire
1185 4210 1280 4275 etiam
1296 4212 1340 4276 nil
1356 4210 1532 4296 quicquam
1546 4208 1661 4278 velim.

527 4311 593 4397 (ε)
618 4306 867 4381 SGULTET.
891 4306 1022 4380 Dec-1·
1045 4311 1084 4377 ad
1101 4310 1251 4393 Anna
1274 4327 1393 4399 p.13o,
1409 4327 1487 4396 131„
