4442 5150
1017 620 1034 710 <
1058 619 1141 715 92)

446 745 516 836 ⁴dei
538 745 700 822 oracula:
727 743 902 819 undehaec
915 744 1016 843 juxta
1029 741 1121 815 illius
1141 740 1355 836 pronuntiata
1370 739 1555 842 dijudicare
1578 746 1731 828 voluisti.

463 842 574 948 Atqui
586 842 620 913 in
634 842 787 936 Legibus
800 839 930 936 scriptis
950 836 1275 932 adeoquejure-roto
1290 836 1501 912 illudvidere
1513 840 1609 932 licet,
1632 851 1728 941 quod

462 958 506 1008 ex
528 934 605 1031 rpfis
628 935 781 1034 Legibus
793 934 930 1031 Legum
944 929 1056 1003 sensus
1069 929 1232 1026 petendus
1254 929 1320 1020 est,
1342 955 1404 1004 nec
1426 954 1472 1005 ex
1493 936 1642 1034 cujusuis
1664 941 1729 1016 ho.

462 1029 564 1101 minis
589 1027 681 1103 sensu
703 1028 945 1124 decerpendus.
970 1026 1082 1096 Porro
1105 1025 1218 1096 omnia
1244 1023 1302 1097 illa
1323 1025 1729 1137 duabus'Propolitioni.

462 1121 529 1196 bus
552 1124 791 1219 comprehensa
809 1121 872 1194 tibi
892 1120 940 1192 ob
951 1117 1072 1192 oculos
1092 1141 1271 1212 ponemus.
1319 1120 1507 1218 Nusquam
1518 1125 1620 1215 aubi,
1642 1153 1729 1203 num

461 1217 517 1291 dei
536 1216 681 1291 verbum
698 1216 801 1316 digne
820 1213 959 1292 tratrem
984 1211 1039 1283 vel
1068 1212 1201 1318 minus,
1226 1210 1409 1307 diiudicare
1434 1215 1488 1286 vel
1511 1220 1646 1312 polium
1670 1224 1727 1306 vel

461 1311 586 1402 debeo,
607 1334 711 1408 quam
735 1330 849 1384 coram
874 1303 1035 1389 ecclelia,
1061 1325 1155 1399 cujus
1169 1303 1334 1398 pastorem
1355 1330 1409 1380 me
1439 1309 1505 1381 esse
1526 1312 1639 1386 voluit
1663 1317 1729 1389 do·

298 1421 301 1431 ¹
459 1407 584 1479 minus.
636 1405 682 1480 Er
708 1403 764 1474 illa
780 1423 922 1496 quoque
943 1395 1098 1472 Verbum
1123 1396 1184 1469 abs
1206 1419 1261 1469 rue
1279 1399 1448 1493 prolatum
1470 1401 1607 1500 reijcere
1627 1409 1728 1484 nullo

459 1499 515 1572 vel
535 1501 614 1595 jure
632 1497 687 1569 vel
709 1495 907 1568 authoritate
932 1491 1041 1589 potest
1074 1547 1084 1579 ,
1114 1490 1175 1564 nifi
1197 1491 1283 1563 illud
1309 1492 1362 1566 dei
1395 1496 1539 1569 verbum
1567 1524 1635 1573 non
1652 1500 1730 1577 fue·

459 1594 515 1667 rit.
566 1592 611 1665 Et
636 1591 690 1663 dei
706 1587 860 1663 Verbum
883 1612 1006 1676 nemo,
1043 1605 1164 1674 praeter
1186 1609 1269 1658 oves
1289 1588 1364 1679 dei,
1390 1592 1569 1689 agnoscere
1601 1578 1722 1690 potest'.

460 1684 676 1781 Ubicunque
705 1708 789 1783 ergo
818 1685 872 1756 hae
892 1685 932 1758 ad
958 1682 1011 1755 dei
1034 1682 1199 1755 honorem
1222 1680 1260 1753 δε
1285 1681 1429 1777 gloriam
1465 1687 1621 1762 colteuae
1644 1692 1722 1766 fue·

458 1779 542 1867 rint,
565 1801 603 1852 ut
629 1778 878 1851 verbumillius
898 1776 1057 1863 audiant,
1078 1775 1115 1848 δι
1137 1776 1358 1848 meaecclefia
1380 1802 1435 1851 me
1456 1780 1540 1855 illuc
1549 1783 1625 1856 able
1649 1789 1724 1882 arit,

459 1872 582 1947 lubens
607 1873 795 1968 volensque
813 1872 901 1943 illius
915 1871 1001 1967 julla
1018 1888 1081 1941 exe
1107 1890 1201 1972 uae·
1225 1871 1343 1959 Jamne
1370 1895 1454 1970 ergo
1476 1875 1570 1947 vides
1634 1882 1686 1952 cci
1708 1939 1721 1975 ,

457 1989 616 2134 quw?
639 1967 725 2040 iuter
753 1990 807 2039 me
829 1971 865 2039 &
888 1965 1039 2039 dolosam
1070 1892 1162 2034 illam
1191 1961 1414 2056 imposturam
1439 1985 1532 2040 tuam
1561 1965 1600 2042 fit
1622 1972 1722 2048 diffe-

456 2080 562 2133 rentta

506 2155 628 2246 Sexto,
653 2175 742 2229 tanta
753 2152 895 2251 Spiritui
908 2151 1022 2226 [anuo
1035 2148 1157 2224 fidutia
1181 2151 1348 2242 inniteris,
1369 2171 1408 2227 ut
1423 2177 1639 2253 nequaquam
1656 2161 1722 2237 du'·

457 2248 565 2339 bites,
586 2251 670 2347 quin
683 2272 852 2340 vetereto,
872 2271 984 2321 veram
997 2247 1033 2320 &
1058 2245 1283 2320 Christianam
1296 2245 1399 2321 fidem
1410 2270 1528 2324 contra
1545 2276 1601 2326 rne
1622 2254 1723 2335 facile

456 2343 638 2418 aistrturur
648 2344 700 2418 fis.
749 2344 863 2419 Velim
874 2363 985 2416 autem
1011 2340 1177 2416 hocloco
1199 2340 1284 2414 mihi
1303 2342 1471 2434 edistius,
1493 2368 1650 2442 quaenam
1665 2350 1723 2428 illa

458 2437 544 2511 fides
569 2438 629 2530 stt,
650 2463 753 2536 quatu
775 2462 812 2513 tu
832 2458 980 2514 veterem
1003 2433 1099 2508 dicis.
1140 2441 1196 2511 An
1212 2457 1295 2542 vero
1315 2456 1355 2509 tu
1372 2436 1476 2510 fidem
1492 2440 1643 2536 aliquam
1656 2448 1720 2522 ltac

458 2532 679 2609 vetustiorem
707 2533 862 2625 novisti«,
887 2552 1074 2629 quaerero
1092 2530 1171 2605 Deo
1182 2528 1265 2605 coelt
1287 2531 1324 2606 &
1337 2550 1433 2606 terrae
1448 2530 1623 2626 Creatori,
1646 2539 1720 2614 lesu

458 2625 601 2703 Christo
613 2628 790 2727 &Spiritu
804 2624 1104 2705 sanlioinnititur?
1129 2626 1216 2716 Vel,
1234 2647 1317 2698 nuru
1333 2625 1414 2700 fidei
1429 2628 1519 2706 illius
1540 2630 1724 2709 institutio·

458 2743 538 2796 nem
561 2723 777 2800 vetustiorem
808 2743 846 2798 tu
863 2721 1000 2799 aliunde
1022 2707 1175 2817 prolerre
1190 2739 1300 2819 potes,
1323 2744 1424 2817 quam
1447 2747 1492 2798 ex
1511 2730 1653 2822 proprio
1664 2732 1721 2807 dei
1820 2755 1825 2762 ·

446 2817 588 2911 verbo,
611 2822 703 2917 quod
769 2818 846 2894 rtim
860 2821 929 2917 ipse
941 2818 1061 2921 Deus,
1086 2818 1208 2923 partito
1234 2839 1317 2889 vero
1327 2840 1387 2913 per
1399 2818 1552 2925 Mosern,
1572 2826 1722 2919 prophe·

459 2931 529 2999 tar,
554 2915 592 2986 &
613 2918 695 2987 novi
721 2915 800 2986 rutis
826 2910 1036 3006 temporibus
1063 2933 1123 3002 per
1136 2909 1256 3013 ‘fili-um
1269 2908 1364 2980 suum
1377 2917 1720 3007 unrgenrtum&san·
1759 2976 1763 2985 .

392 3072 395 3077 .
455 3004 534 3078 &os
557 3007 728 3099 apostolos
754 3008 829 3076 suos
850 3005 938 3077 idern
952 3002 1008 3071 ille
1027 3000 1236 3072 enuntiavit?
1260 3002 1483 3074 Nemocette
1502 3026 1570 3076 tarn
1597 3007 1719 3083 stultur

456 3096 525 3187 est,
546 3099 632 3194 quin
653 3098 816 3195 intelligat
827 3119 930 3192 quam
943 3114 981 3165 tu
997 3092 1100 3165 fidem
1126 3112 1272 3168 veterem
1295 3091 1351 3165 hic
1369 3095 1531 3184 nominer.
1552 3099 1719 3178 Ceterum

458 3211 607 3268 veterem
625 3190 662 3265 &
684 3190 857 3287 antiquam
875 3190 979 3262 fidem
1007 3209 1069 3257 nos
1088 3209 1162 3259 eam
1178 3185 1350 3276 dicemus,
1372 3211 1450 3285 quae
1466 3190 1552 3280 illis,
1568 3217 1719 3289 quorum

457 3285 564 3359 modo
586 3285 790 3360 mentionem
801 3279 1135 3370 lecimus‚innititur.
1158 3279 1372 3356 Etdostrina
1385 3305 1528 3359 vetusta
1541 3289 1718 3387 nobirest,

388 3461 392 3468 ,
482 3401 561 3456 uam
579 3380 647 3480 ipse
659 3381 758 3456 Deua
773 3379 873 3454 nobis
888 3375 1048 3476 prodidit.
1097 3376 1208 3474 Atqui
1227 3394 1372 3474 utraque
1395 3378 1629 3476 haecpatribus
1648 3390 1720 3463 tuit

392 3538 398 3544 ·
505 3468 1355 3646 ulllllllzllnllllzlllt32⁰⁰
1370 3477 1610 3648 &llll
1623 3480 1719 3654 llll·

453 3665 503 3741 est
520 3685 560 3740 ut
573 3666 717 3741 desinam
730 3666 887 3770 tandem,
909 3590 1250 3759 fiquidemgha&enires
1264 3684 1440 3770 perperam
1463 3598 1573 3774 multg
1601 3671 1718 3749 docui.

453 3760 575 3834 Multo
587 3763 693 3864 magis
704 3784 786 3837 vero
800 3760 891 3835 1llud
903 3780 1042 3856 quoque
1053 3776 1188 3854 tempus
1206 3777 1362 3864 requttrr‚
1382 3777 1423 3830 ut
1450 3756 1625 3839 fallacibus
1645 3766 1716 3840 tuio

450 3855 539 3928 dolis
552 3854 710 3932 miserum
720 3880 761 3931 ac
771 3854 959 3956 limplioem
973 3851 1104 3927 Christi
1121 3849 1290 3949 populum
1302 3854 1549 3930 ‚circumvenire
1566 3858 1603 3933 δι
1617 3859 1714 3932 sedu·
1787 3863 1790 3869 '

449 3972 525 4050 rere
546 3950 681 4030 taudem
697 3950 838 4050 delimo,
861 3949 900 4032 δι
922 3973 979 4028 ue·
995 3946 1137 4048 posthac
1158 3946 1271 4024 ullum
1287 3945 1342 4045 dri
1362 3947 1557 4030 ministrum
1575 3952 1615 4032 or
1636 3951 1712 4026 cul·

1660 4062 1717 4132 1⁰&
