4442 5150
419 647 587 744 ΛΑΜ.
711 644 789 718 oR
838 643 872 716 E
921 642 963 715 N
1013 641 1051 717 Ο
1101 641 1139 717 V
1189 643 1222 718 A
1271 645 1324 721 T'
1359 647 1390 722 1.
1515 661 1543 670 ’“
1658 665 1732 751 257

417 777 528 866 alios,
562 773 659 873 quod
687 774 883 848 Luthcrani
910 772 1019 847 effene
1047 776 1083 848 &
1112 797 1337 870 promotores
1355 778 1526 853 librorum
1544 769 1742 872 turbate»

417 876 547 972 quibus
574 895 780 970 permotus,
816 876 843 944 is
870 873 1030 944 decrevit
1057 896 1138 946 cum
1166 874 1234 947 suis
1260 875 1467 950 consiliariis
1494 877 1577 952 istos
1604 901 1674 953 tres
1690 905 1730 954 e·

417 973 562 1068 quidem
591 974 674 1043 loco
700 994 868 1058 movere,
903 967 995 1040 citra
1022 978 1138 1042 tamen
1158 970 1313 1066 ipsorum
1334 977 1614 1070 contumeliam,
1640 977 1730 1052 alios

417 1072 452 1141 in
482 1069 637 1168 ipsorum
666 1070 787 1141 locum
814 1065 1078 1139 substituendo:
1126 1069 1259 1163 Neque
1287 1067 1373 1142 verb
1401 1072 1436 1142 id
1465 1073 1633 1147 Senatum
1660 1077 1731 1148 ua·

419 1167 594 1239 srleensem
623 1167 731 1239 latere
758 1166 818 1236 diu
846 1184 1010 1262 poterat,
1048 1166 1101 1236 Hi
1128 1168 1247 1259 itaque
1270 1165 1414 1240 simulac
1433 1171 1467 1241 id
1488 1170 1728 1267 resciviffent,

418 1266 687 1337 communicato
707 1266 798 1334 inter
814 1261 848 1334 se
866 1259 1038 1353 confilio,
1058 1260 1226 1336 miserunt
1244 1263 1286 1335 ad
1306 1262 1566 1339 Provincialem
1582 1268 1729 1342 duosex

418 1360 575 1458 ipsorum
596 1361 715 1434 medio
735 1363 941 1449 Senatores,
969 1361 1030 1456 qui
1049 1361 1079 1430 ei
1101 1359 1378 1454 denunciarent,
1406 1384 1446 1436 ut
1465 1364 1727 1438 accusationem

419 1479 545 1532 contra
572 1461 653 1532 illos
681 1480 750 1530 tres
778 1457 1004 1545 institutam,
1051 1455 1141 1549 fibi,
1184 1481 1337 1556 quorum
1362 1481 1437 1533 crat
1461 1462 1607 1534 eandem
1636 1485 1729 1560 cog.-

418 1556 584 1648 noscere,
620 1556 815 1640 indicaret3
851 1552 1085 1626 provincialis
1112 1578 1195 1627 cum
1224 1555 1258 1628 id
1286 1554 1401 1629 facere
1428 1558 1624 1650 recusaret,
1652 1579 1731 1634 tota

419 1654 520 1727 causa
544 1657 587 1725 ad
615 1654 760 1750 plenum
786 1652 894 1723 relata
922 1649 1114 1742 Senatum,
1148 1676 1230 1724 cum
1259 1652 1340 1751 post
1368 1655 1523 1729 habitam
1547 1658 1730 1731 velitatio-

378 1785 380 1789 >
418 1776 500 1824 nem
527 1752 650 1824 habuit
677 1770 868 1838 eventum,
904 1768 945 1819 ut
972 1749 1204 1822 l'rovincialis
1230 1774 1314 1822 eum
1341 1750 1407 1825 suis
1435 1778 1472 1826 re
1493 1752 1623 1828 insecta
1638 1756 1731 1841 urbe

418 1848 605 1922 debuerint
631 1848 777 1945 egredi,
810 1841 948 1943 adjedla
971 1847 1253 1919 comminatione
1278 1848 1427 1944 diserta,
1452 1851 1593 1949 „quod
1620 1850 1735 1928 fiad.

419 1999 447 2040 ‚,
465 1947 582 2021 versus
609 1949 829 2022 Pellicanum
858 1945 895 2018 ὅ(
922 1944 998 2039 ejus
1023 1942 1159 2036 socios,
1194 1969 1284 2042 quos
1312 1945 1565 2021 &monasterio
1583 1951 1731 2025 mittere

420 2045 694 2138 „decreverant
722 2042 905 2139 quidpiam
931 2041 1082 2136 amplius
1101 2043 1316 2116 molirentur
1334 2046 1407 2139 (a),
1432 2070 1554 2120 omnes
1574 2049 1732 2144 reliquos

417 2193 446 2236 ‚,
467 2145 684 2234 Minoritas,
729 2143 789 2235 qui
817 2161 894 2211 tum
921 2162 1069 2211 numero
1095 2160 1194 2212 erant
1221 2139 1324 2238 supra
1349 2138 1584 2241 quadraginta
1612 2145 1730 2219 statim

419 2291 446 2331 „
464 2239 674 2315 auctoritare
693 2240 838 2335 publica
855 2236 943 2308 urbe
961 2235 1028 2309 elle
1046 2237 1241 2331 ejiciendos
1251 2272 1264 2326 3
1280 2290 1307 2328 „
1337 2241 1474 2315 Praeter
1494 2245 1595 2335 haec,
1620 2244 1731 2326 Pelli-,

419 2340 497 2410 cani
524 2338 787 2413 accusatoribus
814 2333 1048 2431 quibusdam,
1074 2334 1248 2408 beneficia
1273 2336 1403 2429 quibus
1431 2337 1597 2412 hactenus
1615 2338 1730 2437 gavili

417 2456 538 2528 erant,
565 2435 820 2534 demetiantur,
842 2431 912 2528 ipse
930 2429 1016 2504 verb
1036 2432 1228 2506 Pellicanus
1244 2435 1277 2505 ὃ(
1291 2438 1564 2531 Oecolampadr'us
1582 2438 1617 2507 in
1636 2437 1732 2536 ipson

417 2559 496 2607 rum
519 2536 641 2606 locum
663 2532 798 2626 publici
817 2528 897 2603 lunt
914 2528 1102 2602 constituti
1121 2529 1292 2602 Lectores
1311 2531 1533 2631 Theologiae
1555 2535 1731 2635 Exegeti·

418 2657 496 2722 cae,
523 2633 572 2703 ita
590 2651 630 2702 ut
649 2630 921 2723 Oecolampadius
940 2626 995 2719 (b)
1017 2627 1200 2701 abinde&
1221 2629 1255 2699 in
1277 2628 1473 2722 Epistolam
1496 2636 1647 2727 primam
1660 2635 1731 2728 Jo÷

418 2728 564 2818 hannis,
600 2730 636 2802 ὃ(
664 2731 698 2799 in
719 2726 915 2821 Epistolam
935 2726 977 2797 ad
999 2726 1209 2814 Romanos,
1235 2725 1730 2823 pellicanusveroperin102

417 2848 523 2923 grum
544 2827 638 2899 hunc
656 2850 785 2899 annum
804 2827 841 2895 in
851 2820 1014 2920 Genefig
1028 2821 1173 2915 publice
1194 2820 1302 2895 fuerit
1318 2846 1601 2898 commentatus:
1630 2828 1730 2919 Quae

417 2949 471 2997 res
497 2947 569 2998 non
597 2944 737 3024 poterat
764 2946 837 2996 non
861 2924 898 2995 in
917 2919 1108 3019 Evangelii
1126 2921 1220 3019 apud
1240 2921 1448 2999 Basileenses
1466 2924 1731 3003 incrementum
1793 2953 1796 2959 ·
1864 2909 1868 2922 ¹

415 3047 577 3220 vepgpppi
603 3120 1011 3197 LUCERNENSES
1040 3119 1128 3195 verb
1156 3142 1233 3195 tum
1258 3148 1329 3197 non
1349 3123 1398 3197 ita
1415 3120 1582 3223 prospere
1601 3120 1731 3198 cellill'e

417 3226 605 3317 negotium
639 3220 828 3333 Evangelii
857 3219 1026 3332 constat,
1070 3222 1124 3294 Hi
1151 3223 1245 3294 enim
1274 3225 1417 3334 quotvis
1443 3222 1731 3343 Reformationis

415 3314 1239 3515 titulatattinuerunt
1256 3318 1731 3510 {attellanae

1037 3513 1119 3586 Klr
1358 3618 1360 3624 Α
1531 3550 1535 3555 ·
1654 3509 1732 3607 pell

462 3708 511 3787 (a)
536 3705 620 3772 conf.
640 3698 892 3775 bCULTET.
916 3709 962 3776 T.
982 3709 1007 3773 Ι.
1032 3728 1099 3794 pag.
1114 3723 1185 3788 170.

462 3811 513 3888 (b)
541 3807 593 3871 De
618 3805 889 3895 Oecolampadio,
913 3831 1011 3895 quam
1027 3812 1050 3875 is
1068 3812 1097 3875 in
1117 3809 1298 3894 disputando
1315 3807 1407 3872 fuerit
1424 3807 1549 3872 sedulus
1567 3807 1597 3871 in
1616 3806 1676 3895 Ep.
1692 3808 1734 3877 ad

420 3892 625 3969 Zwinglinrn
650 3890 797 3976 ΛΑΜ.
829 3896 905 3975 prid.
931 3898 1003 3961 Kal.
1030 3894 1219 3979 Septembris
1244 3894 1314 3957 data
1330 3892 1454 3957 testatur
1471 3891 1641 3971 Erasmus3
1666 3897 1731 3961 vid.

419 3977 447 4041 F
454 3975 592 4043 UESL.
619 3975 749 4038 conen.
776 3976 938 4061 Epistolar.
964 3982 1002 4044 de
1025 3978 1171 4043 Reform.
1191 3977 1320 4040 Helvet.
1338 3998 1367 4059 p.
1382 3997 1428 4057 14.
1467 3977 1576 4059 Quam
1593 3979 1672 4043 verb
1689 3982 1733 4062 is,

419 4081 496 4126 cum
522 4064 635 4127 eodem
661 4080 745 4124 anno
771 4074 902 4159 quoque
928 4062 1019 4128 AEdis
1045 4062 1242 4127 Martiniano
1267 4059 1374 4126 Pallor
1391 4062 1647 4135 constitueretur,
1671 4064 1735 4127 fet·

419 4147 492 4208 vide
516 4166 595 4231 opus
622 4143 757 4209 Domini
774 4160 887 4227 egent,
911 4152 963 4211 vel
981 4168 1020 4225 er
1036 4166 1075 4210 eo
1092 4160 1189 4229 patet,
1214 4147 1303 4224 quod
1320 4146 1501 4216 Zwiuulius
1519 4146 1612 4209 ctiam
1630 4146 1735 4229 fingu-

421 4226 477 4289 lari
501 4232 628 4315 epistola
651 4230 718 4311 ejus
744 4228 903 4294 fervorem
928 4246 1022 4312 atque
1046 4230 1182 4296 studium
1205 4244 1375 4313 temperare
1399 4230 1561 4314 debuerit,
1591 4249 1733 4315 eumque

420 4311 550 4399 hortari,
575 4331 610 4381 ut
626 4315 742 4385 uitium
759 4312 1062 4384 tatiuuemltabetet.
1086 4313 1129 4381 ef.
1145 4311 1177 4398 §-
1195 4310 1329 4395 cxlx.
1363 4383 1366 4390 ,
1675 4343 1681 4369 i
