4442 5150
501 630 570 735 158
688 626 1563 712 trtsroatauvartouttr
1635 582 1806 738 nafis.
1873 584 1901 678 f

495 769 569 845 Dei
587 766 705 842 cultus
723 765 927 840 restituatur
946 768 1018 858 (alt
1055 764 1125 838 Sed
1145 765 1183 837 ὃ(
1202 783 1278 837 rum
1297 762 1412 836 sonna
1430 764 1652 842 celebranda
1671 768 1808 844 Coeuae-

292 957 295 960 .
495 867 706 941 Dominicae
733 868 770 936 in
799 859 1114 961 Argentinenfium
1142 883 1246 936 coetu
1275 862 1499 958 Evangelico
1524 863 1742 959 excusaest,
1767 868 1809 942 in

431 1050 432 1055 η
496 988 566 1061 qua
592 968 683 1061 inter
698 961 765 1034 alia
783 964 861 1035 haec
881 963 1072 1056 leguntur:
1107 1012 1135 1051 „
1157 961 1197 1031 ln
1215 959 1442 1032 exhibitione
1460 961 1517 1055 (b)
1542 964 1641 1058 panis
1660 965 1697 1038 dt
1716 965 1812 1038 cali·
1844 984 1848 993 '

354 1092 359 1100 ·
495 1066 592 1156 „cis
619 1061 830 1149 Dominici,
866 1054 1034 1130 Minister
1059 1058 1159 1133 verbi
1186 1059 1237 1129 ita
1262 1058 1461 1154 alloquitur
1484 1058 1682 1155 sumentes:
1719 1062 1809 1136 Me·

497 1212 525 1253 „
543 1176 727 1250 mentote,
762 1153 921 1247 credite,
949 1155 1184 1248 annunciate,
1210 1153 1397 1228 Christum
1416 1180 1484 1254 pro
1498 1155 1606 1231 'vobis
1623 1156 1692 1232 elle
1707 1182 1812 1233 mor·

495 1277 613 1331 tuum.
1167 1283 1171 1298 ⁴

454 1357 457 1362 ’
543 1307 900 1428 wt'issuERGAE
917 1342 1040 1422 autern=
1054 1347 1126 1421 hoc
1144 1371 1236 1420 anno
1253 1369 1408 1423 excunte
1417 1344 1562 1425 demum
1573 1351 1699 1450 lingui
1709 1352 1809 1428 Ger·

363 1486 366 1496 ¹
493 1452 633 1525 manica
659 1448 838 1521 celebrare
864 1446 1010 1520 Missam
1036 1446 1073 1520 dt
1102 1446 1257 1518 Coeuam
1283 1447 1435 1520 Domini
1461 1449 1705 1524 administrare
1723 1451 1809 1524 Do·

493 1550 628 1622 minica
645 1546 738 1619 XX.
763 1543 844 1644 post
861 1544 1051 1618 Trinitatis
1070 1542 1122 1634 (d.
1143 1554 1200 1628 29.
1217 1542 1410 1634 Oblobris)
1428 1568 1633 1646 coeperunt.
1660 1548 1809 1622 Verun-

481 1637 612 1753 p‘tamen
633 1645 685 1739 (c)
713 1641 929 1716 Germanica
951 1641 1106 1715 formula
1117 1642 1330 1715 'Dominicis
1347 1641 1466 1716 saltem
1487 1644 1613 1719 diebus
1630 1645 1807 1720 laicorum

483 1743 597 1817 'causa
622 1740 837 1832 utebantur,
870 1740 1098 1838 quotidianus
1125 1734 1213 1814 verb
1239 1739 1359 1813 cultus
1386 1741 1520 1818 Latine
1546 1744 1807 1844 peragebatur,

363 1883 368 1890 ·
490 1837 695 1938 conjundlis
712 1837 926 1911 leelionibus
944 1837 1154 1910 vernaculis.
1180 1837 1278 1923 ¹Hoc
1299 1837 1425 1911 eodem
1446 1865 1563 1933 anno,
1584 1866 1648 1940 per
1666 1863 1806 1935 totam,

464 1946 480 1973 ”
495 1963 577 2034 quae
593 1937 749 2030 Johnnni
769 1933 929 2007 Eledlori
946 1934 1108 2027 suberat,
1135 1936 1301 2008 Saxoniae
1320 1937 1568 2031 provinciam,
1588 1961 1672 2010 cum
1689 1941 1727 2009 in
1746 1959 1806 2011 tu·

491 2036 611 2111 multu
636 2031 771 2117 rUlico
790 2031 845 2127 (d)
871 2031 1081 2105 monasteria
1106 2031 1238 2104 deserta
1265 2033 1497 2106 &evacuata
1522 2032 1654 2125 elsent,
1681 2036 1719 2108 δι
1737 2059 1806 2132 po·

491 2133 599 2232 pulus
625 2130 764 2204 cultum
792 2128 1004 2202 missaticum
1034 2131 1070 2203 ὅ(
1089 2128 1286 2201 sacerdotes
1303 2126 1489 2223 indodlos,
1516 2132 1578 2228 qui
1597 2132 1806 2206 concionari

493 2255 565 2304 non
585 2227 746 2327 pollent,
771 2231 831 2300 ‘aut
849 2225 1035 2325 impudice
1053 2229 1239 2318 viverent,
1263 2228 1355 2299 serre
1372 2228 1525 2324 amplius
1543 2229 1680 2323 nollet,
1694 2231 1809 2305 'man-

495 2328 587 2401 datis
611 2327 812 2422 Principis,
845 2327 889 2399 ad
916 2325 1122 2423 exemplum
1150 2348 1297 2415 corum,
1331 2348 1414 2422 quae
1444 2327 1691 2426 Wittebergae
1710 2330 1808 2403 circu
1928 2326 1933 2334 ’

494 2427 635 2499 cultum
662 2425 849 2521 publicum
868 2425 1030 2498 ordinata
1047 2443 1168 2516 erant,
1195 2420 1423 2520 prospedlum
1441 2422 1533 2518 fuit,
1559 2428 1610 2499 ita
1628 2445 1748 2500 tamen
1766 2444 1810 2501 ut

493 2525 636 2623 plenior
654 2520 861 2606 reformatio
879 2546 943 2621 per
959 2521 1159 2616 vifitatores
1178 2519 1394 2595 instituenda
1410 2525 1698 2621 promitteretur.
1723 2523 1810 2599 Ob·

493 2620 606 2696 secuti
624 2620 725 2713 sunt,
751 2623 873 2719 paucis
892 2622 1076 2718 exceptis,
1104 2618 1352 2718 magistratus,
1378 2622 1415 2695 dt
1435 2623 1613 2720 pastores,
1632 2622 1809 2721 nifiquod

490 2743 583 2794 unus
614 2722 665 2802 in,
687 2718 927 2818 Voigtlandia
961 2718 1085 2793 Pastor
1121 2719 1163 2792 ad
1191 2720 1431 2794 dioecesanum
1457 2721 1557 2797 suum
1585 2722 1809 2820 Episcopum

491 2818 788 2915 Bambergensem
816 2819 1070 2915 provocando,
1105 2816 1139 2890 se
1166 2817 1324 2891 Electori
1344 2842 1528 2913 opponere
1546 2822 1724 2915 coeperit,
1749 2818 1809 2892 sed

493 2921 553 2989 cui
584 2919 763 3011 Princeps‘
782 2917 985 3010 respondit:
1028 2967 1055 3004 „
1076 2916 1122 2985 Se
1141 2916 1344 2984 Christiana
1363 2918 1400 2985 bc
1420 2918 1477 3006 pia
1494 2919 1694 2986 intentione
1708 2916 1808 2984 ordi·

431 3066 433 3068 -
493 3064 520 3105 „
539 3012 651 3102 nasse,
677 3034 758 3103 quae
777 3012 888 3082 verbo
908 3012 980 3080 Dei
1000 3012 1036 3094 &
1058 3009 1260 3101 Evangelio
1280 3013 1535 3101 convenirent,
1563 3011 1811 3106 honoremque

492 3161 519 3201 „
541 3109 703 3178 divinum
732 3108 769 3177 bt
796 3106 1004 3178 charitatem
1035 3104 1192 3197 proximi
1218 3104 1502 3198 promoverent,
1536 3106 1607 3178 illis
1633 3105 1808 3179 obsecun-

494 3256 522 3298 „
541 3204 696 3276 dandum
708 3199 783 3294 else
802 3204 822 3273 ὲ
841 3200 1001 3297 parocho
1019 3220 1080 3271 aut
1100 3199 1183 3269 loco
1202 3200 1412 3272 cedendum.
1431 3252 1458 3294 „

533 3447 582 3529 (a)
608 3442 856 3513 SCULTET.
881 3465 911 3528 p.
930 3460 1001 3527 304.
1129 3492 1132 3498 ,

533 3536 587 3614 (b)
610 3533 649 3595 In
666 3530 840 3619 dargebung
856 3532 907 3593 des
922 3528 1010 3591 brodi
1027 3525 1093 3590 und
1107 3525 1159 3587 det
1175 3524 1291 3591 Kelchs
1308 3527 1360 3590 des
1375 3528 1503 3609 Herrn,
1519 3526 1639 3614 spricbt
1655 3527 1710 3592 der
1727 3527 1808 3592 Die·

492 3640 547 3679 ner
571 3616 652 3696 also:
684 3615 841 3699 Gedenkt,
869 3612 1016 3703 glaubet,
1044 3611 1266 3699 verlundiget,
1291 3612 1356 3701 dass
1373 3612 1516 3696 Christus
1529 3614 1589 3693 fiir
1605 3613 1680 3677 euch
1691 3616 1808 3701 gestor·

352 3762 359 3775 ,
490 3702 574 3764 beai
604 3747 610 3761 .

533 3702 658 3866 (c'sEx
685 3782 825 3871 Chytraeo
851 3777 1157 3850 SCULTETUS
1189 3802 1219 3864 p.
1239 3797 1311 3863 315.
1351 3781 1437 3845 conf.
1464 3778 1807 3852 SECKENDORF.

405 3885 407 3890 ·
490 3866 536 3935 L.
549 3868 589 3931 ll.
609 3890 638 3952 p.
650 3884 699 3949 23.
725 3869 799 3951 qui,
822 3865 933 3933 diserti
950 3866 1051 3952 ipsum
1071 3865 1248 3930 Lutherunr
1265 3867 1295 3929 in
1312 3860 1451 3948 Epistola
1466 3868 1504 3931 ad
1522 3865 1672 3952 Langurn
1687 3867 1717 3929 id
1733 3866 1808 3929 scri·

490 3955 563 4020 bete
586 3951 745 4031 observat,
777 3966 871 4035 atque
893 3952 987 4016 etiarn
1010 3950 1155 4034 deinceps
1181 3968 1247 4034 pag.
1268 3969 1394 4030 52·-55.
1426 3952 1465 4015 de
1489 3951 1555 4035 ἱρῆς
1574 3952 1664 4017 saetis
1681 3950 1806 4029 ritibus,

491 4037 634 4119 itemque
657 4037 696 4100 de
712 4036 822 4099 ordine
839 4037 945 4101 cultus
963 4034 1078 4119 publici
1094 4033 1125 4097 in
1143 4031 1285 4100 Ecclefia
1300 4032 1530 4119 Witebergenfi
1549 4037 1579 4101 dt
1596 4032 1751 4135 speciatim
1768 4033 1808 4095 de

492 4122 724 4187 communione
747 4120 932 4185 celebranda
948 4118 1060 4185 diffetit
1076 4119 1219 4200 uberius,
1244 4138 1341 4206 quam
1359 4136 1393 4185 ut
1409 4122 1442 4185 lis
1458 4122 1619 4187 immorari
1634 4115 1806 4201 pellimus3

490 4205 578 4270 conf.
598 4205 627 4285 J.
646 4206 690 4271 H.
709 4202 786 4269 MA
811 4203 824 4268 l
844 4202 924 4269 Hill.
942 4201 1090 4270 Reform.
1109 4200 1253 4269 Lutheri.
1278 4203 1342 4290 dp.
1361 4222 1529 4291 top-214.
1582 4201 1584 4210 '

531 4289 586 4369 sd)
610 4284 760 4361 SECKE
803 4284 1169 4360 Domitianam.
1187 4310 1217 4374 p.
1229 4307 1280 4373 24·
