4442 5150
510 663 582 744 ιφ
700 638 1082 719 utsronrn
1126 636 1571 715 sunnonem

563 773 760 849 Enimvero
785 799 830 848 ex
859 775 953 845 hisce
979 789 1147 865 apparet,
1175 793 1278 864 quam
1297 766 1491 842 ferventius
1509 769 1763 868 aliquantisper
1780 768 1818 849 in

511 872 728 947 denudaudis
752 875 787 944 8(
813 870 1045 964 corripiendis
1070 867 1388 938 ecclesiasticorum
1407 868 1502 938 vitiis
1521 867 1721 965 ptogtellus
1739 868 1819 944 sue·

518 971 563 1040 rit
583 969 808 1063 Zwinglius,
835 991 915 1037 cum
938 964 1156 1036 Seballianus
1175 960 1194 1034 ὲ
1213 985 1339 1034 contra
1359 962 1532 1034 servorem
1554 968 1649 1038 hunc
1669 990 1732 1061 per
1751 969 1821 1039 ser·

515 1067 628 1136 monis
654 1070 900 1137 amoenitatem
924 1061 1215 1155 temperandum,
1241 1083 1282 1129 ac
1301 1062 1455 1154 tempori
1476 1060 1734 1136 inserviendum
1753 1064 1822 1137 else

511 1159 710 1252 judicaret,
737 1183 842 1254 atque
861 1160 957 1229 lento
976 1157 1088 1251 gradu
1109 1157 1372 1250 procedendum
1391 1155 1458 1228 else
1477 1162 1712 1254 praeciperet3
1750 1161 1823 1234 Sed

516 1258 551 1328 dt
574 1279 690 1352 patet,
718 1281 820 1352 quam
840 1281 912 1326 non
931 1253 1107 1325 defuerint
1126 1253 1218 1347 apud
1238 1254 1517 1347 Constantirnses,
1543 1260 1604 1348 qui
1622 1255 1821 1353 Evangelio

514 1356 599 1426 vere
627 1353 807 1446 faverent,
842 1351 1025 1447 causaeque
1050 1349 1225 1446 Zwinglii
1253 1351 1290 1420 in
1318 1351 1548 1446 repurgandis
1573 1351 1676 1424 sacris
1697 1354 1823 1427 adhae4

517 1451 702 1522 rescerent.
1639 1462 1641 1466 ’
1816 1504 1821 1513 .

564 1560 596 1635 §.
613 1547 701 1620 XC.
729 1546 815 1618 Erat
833 1545 904 1616 hoc
923 1565 1084 1639 tempus,
1112 1565 1185 1635 quo
1204 1541 1248 1613 ab
1266 1566 1335 1612 una
1351 1563 1450 1639 parte
1467 1543 1636 1617 Pontifex
1654 1546 1731 1619 Ro.
1757 1544 1821 1621 sub
1872 1624 1875 1629 ,

518 1666 698 1741 praetextu
719 1641 909 1714 instruendi
927 1640 1087 1712 adversus
1105 1639 1245 1709 Turcas
1263 1639 1370 1730 belli,
1388 1644 1519 1713 auxilia
1537 1661 1658 1737 petere
1675 1642 1719 1715 ab
1731 1645 1823 1718 Het-

517 1743 621 1812 vetiis
639 1764 745 1836 atque
763 1741 913 1811 militem
933 1736 1156 1808 conscribere
1175 1759 1237 1830 per
1254 1735 1390 1831 legatos
1408 1737 1487 1810 suos
1505 1739 1685 1832 tentabat,
1704 1743 1740 1816 &
1752 1766 1825 1837 quo

516 1836 559 1907 ab
585 1839 693 1909 altera
718 1857 815 1928 parte
835 1834 965 1906 Galliae
986 1837 1067 1903 Rex
1087 1856 1158 1902 non
1178 1832 1292 1903 minus
1312 1832 1508 1906 Civitatem
1530 1836 1736 1910 Helvetium
1759 1838 1824 1912 fibi

518 1932 656 2005 foedcre
680 1930 840 2025 junslam
869 1930 913 2000 de
940 1930 1055 2000 milite
1084 1928 1146 2000 sibl
1165 1925 1458 2000 subministrando
1477 1931 1649 2025 urgebat,
1677 1933 1825 2026 sedita,

518 2051 559 2100 ut
581 2029 783 2124 Zwinglius
802 2048 994 2119 utrumque
1011 2049 1077 2120 pro
1096 2027 1271 2096 concione
1288 2027 1515 2097 veliementer
1532 2027 1766 2120 dissuaderet,
1786 2033 1825 2106 ὃ(

518 2149 622 2217 quam
650 2125 733 2196 esl'ct
759 2149 830 2195 non
858 2124 966 2194 modo
994 2123 1108 2216 turpis
1136 2123 1215 2193 naec
1243 2121 1392 2213 militia,
1422 2119 1672 2197 verumetiam
1692 2126 1824 2222 impia,

517 2221 795 2312 demonstraret,
815 2221 851 2293 ὅ(
871 2220 991 2292 multis
1010 2221 1046 2289 in
1066 2218 1221 2291 medium
1241 2216 1401 2291 addusiis
1417 2220 1677 2314 incommodis,
1695 2224 1738 2296 ad
1748 2248 1826 2296 ma·

513 2322 637 2416 jorum
658 2319 862 2392 inllitutum
881 2337 987 2412 atque
1005 2316 1268 2412 frugalitatem,
1294 2317 1448 2411 quirem
1469 2320 1826 2418 pecuariam&agri·

517 2419 694 2489 culturam
722 2413 979 2505 exercuissent,
1014 2418 1050 2486 dt
1081 2410 1251 2508 praeclare
1277 2414 1390 2485 multa
1408 2413 1591 2506 fecissent,
1616 2440 1676 2490 eos
1694 2417 1825 2491 adhor-

518 2534 674 2602 taretur,
711 2513 778 2587 Sed
808 2512 954 2603 frustra,
991 2510 1162 2607 siquidem
1190 2507 1210 2581 a
1235 2510 1350 2583 multa
1367 2509 1641 2607 sollicitatione,
1666 2514 1768 2590 donis
1787 2517 1826 2593 δι

546 2610 840 2684 ollicitationibus
866 2609 1064 2707 expugnati
1093 2630 1278 2704 proceres,
1307 2609 1533 2682 multitudini
1551 2632 1670 2685 tamen
1689 2614 1826 2709 idper·

512 2637 705 2782 irriderent.
742 2709 830 2801 Quo
849 2706 980 2779 sat‘ium
998 2706 1071 2796 eli,
1099 2725 1139 2777 ut
1158 2706 1272 2775 omnis
1294 2705 1547 2779 Helvetiorum
1569 2712 1696 2783 civitas
1715 2710 1827 2786 Gallo

518 2809 669 2881 militem
691 2808 940 2902 promitteret,
967 2803 1050 2875 dum
1070 2800 1134 2873 soli
1153 2802 1346 2897 Tigurini,
1373 2804 1599 2902 Ztttinglium
1618 2807 1750 2899 secuti,
1773 2834 1828 2883 re·

519 2904 661 2995 cusant,
698 2908 733 2976 ὃς
758 2900 992 2997 jurejurando
1017 2899 1253 2989 confirmant,
1289 2899 1426 2972 nullum
1453 2902 1588 2972 donum
1614 2926 1675 2975 aut
1695 2903 1827 2994 stipen-

519 3000 617 3070 dium
644 3002 808 3094 accipere
833 2998 876 3069 ab
903 3000 978 3070 ullo
1006 2997 1168 3091 principe
1187 2996 1362 3067 militandi
1381 2996 1493 3069 causa.
1537 2998 1714 3090 Quamvis
1733 3002 1771 3074 ἃ
1790 3001 1827 3073 hi

519 3115 661 3184 tamen,
696 3120 805 3188 quum
833 3118 904 3165 non
928 3092 1106 3165 desisteret
1133 3091 1204 3187 ipse
1221 3092 1391 3165 Pontifex
1411 3092 1503 3165 suam
1524 3118 1586 3188 per
1605 3096 1827 3169 Matthaeum

520 3192 746 3266 Cardinalem
776 3192 1009 3264 Sedunenscm
1040 3214 1122 3261 cum
1149 3190 1241 3284 apud
1262 3192 1437 3286 reliquos,
1463 3210 1538 3261 tum
1558 3194 1651 3285 apud
1671 3194 1827 3290 Tiguri-

477 3339 481 3345 -
519 3316 585 3362 nos
612 3314 740 3384 urgere
767 3288 927 3379 causam,
962 3287 1182 3377 faciliorem,
1208 3288 1328 3359 invitis
1347 3290 1445 3384 pagis
1463 3288 1628 3382 reliquis,
1655 3290 1829 3363 Pontifici

517 3413 621 3485 quam
651 3388 761 3462 Gallo
790 3387 949 3482 praebere
971 3410 1111 3473 aurem,
1138 3406 1244 3480 atque
1266 3387 1372 3480 etiam
1392 3408 1430 3457 ut
1450 3385 1503 3456 bis
1521 3388 1617 3457 mille
1637 3389 1674 3459 ὃ(
1693 3386 1828 3483 septin-

519 3509 648 3584 gentos
675 3485 935 3577 conscriberet,
967 3484 1185 3575 permittere.
1230 3482 1281 3551 Ea
1300 3508 1374 3572 res,
1401 3485 1516 3575 inrito
1534 3481 1621 3556 ticet
1640 3485 1829 3583 Zwinglio

519 3587 555 3657 ἃ
584 3584 800 3657 dissuadente
823 3581 913 3655 sosia
930 3580 1035 3668 esset,
1072 3578 1271 3650 dividendis
1291 3601 1408 3651 tamen
1427 3582 1551 3651 animis
1571 3583 1620 3673 (a)
1647 3585 1745 3656 dedit
1764 3608 1827 3656 att·

517 3679 587 3753 sam
610 3682 646 3753 ὃ(
670 3682 824 3778 reliquos
852 3705 923 3753 non
952 3673 1078 3775 parlim
1106 3674 1127 3748 a
1152 3677 1342 3772 Tigurinis
1359 3678 1592 3768 abalienavit,
1619 3679 1830 3777 fontemque

519 3774 676 3872 praebuit
704 3779 900 3854 multorum
927 3777 1094 3871 deinceps
1121 3776 1215 3847 inter
1240 3774 1443 3869 Tigurinos
1470 3777 1506 3850 &
1535 3777 1691 3875 reliquos
1720 3801 1831 3875 pagos

521 3870 736 3945 dissidiorum
759 3875 794 3946 ὃ(
815 3874 1100 3947 contentionum.
1537 3933 1546 3952 .

570 3974 730 4061 lnterea,
764 3973 859 4066 quod
885 3972 979 4066 apud
1003 3969 1095 4067 ipsos
1114 3965 1553 4044 LAUSANNENSES
1568 3974 1642 4067 jam
1665 3971 1710 4042 A.
1725 3990 1829 4060 1522.

522 4069 723 4166 Evangelio
759 4069 851 4141 inter
883 4069 1019 4144 medios
1054 4067 1141 4141 licet
1167 4066 1292 4138 aulica·
1320 4069 1565 4163 protervitatis
1590 4088 1697 4165 atque
1722 4066 1829 4176 luxu·

1766 4188 1830 4238 rtae

459 4276 465 4282 ’
556 4278 608 4363 (a)
634 4276 733 4346 Conf-
757 4277 877 4345 Introd.
904 4278 994 4363 nostr.
1017 4278 1049 4363 p.
1069 4275 1222 4346 CXXV·
1245 4275 1275 4361 p.
1293 4291 1366 4362 311,
1385 4291 1456 4362 312.
