4442 5150
455 641 624 742 Ant-28·
787 633 1431 718 RENOVATI.
1697 663 1765 752 363

331 805 337 817 ·
454 796 532 863 ηις
570 774 621 849 Et
647 790 847 868 quanquam
875 764 1036 839 adiutum
1064 766 1207 840 Latinae
1234 769 1340 866 hujus
1367 771 1633 870 Disputationis
1653 777 1767 854 editio

453 896 601 973 quoque
620 872 656 940 in
675 865 886 964 praefatione
900 863 944 936 od
960 863 1052 937 Aua
1066 864 1284 938 Germanica
1299 868 1468 943 editionis
1476 874 1661 948 Beruensrs
1679 901 1766 974 pro·

455 969 556 1044 milla
572 965 678 1058 ell'et,
707 988 784 1038 eam
804 983 923 1035 tamen
940 959 1067 1033 fabiam
1088 986 1161 1033 non
1177 952 1246 1035 'elle
1264 964 1424 1058 constat,
1450 967 1546 1042 forte
1562 972 1661 1066 quod
1679 999 1768 1071 ope·

457 1092 507 1140 rae
534 1067 692 1162 pretium
721 1085 794 1133 non
820 1057 927 1152 esset,
954 1081 1020 1132 nec
1039 1060 1117 1157 ejus
1136 1059 1336 1156 publicatio
1354 1065 1515 1138 veritatis
1533 1065 1768 1167 Evangelicae

456 1163 651 1240 admodum
672 1155 861 1231 interellet.

501 1259 733 1358 Reformatio
747 1275 957 1328 tamencum
975 1251 1099 1348 primis
1110 1252 1500 1349 AQUILEJENSIS
1513 1258 1550 1334 dt
1561 1261 1766 1340 vicinorum

456 1361 649 1450 locorum,
692 1351 904 1426 audioritate
932 1349 1169 1445 Magistratus
1196 1353 1406 1447 Betnenfis,
1439 1379 1504 1451 per
1529 1358 1767 1437 ministerium

457 1457 508 1532 G.
527 1457 558 1529 F
560 1455 681 1543 aselli,
714 1470 916 1548 quanquam
944 1469 1016 1518 non
1039 1446 1110 1519 stne
1128 1447 1297 1544 gravibus
1314 1453 1515 1525 animorum
1535 1454 1693 1531 discidiis
1710 1479 1767 1532 at·

454 1575 524 1652 que
547 1548 803 1635 reludlantibus
822 1568 904 1619 cum
926 1543 1023 1634 illic,
1051 1563 1131 1616 tum
1150 1543 1257 1639 alibi,
1285 1549 1431 1643 multis,
1456 1551 1495 1625 δι
1511 1550 1670 1651 suscepta
1687 1573 1767 1630 tum

455 1652 532 1743 est,
558 1654 596 1726 δι
616 1647 771 1720 feliciter
789 1639 962 1717 transadla
981 1640 1052 1732 (a):

504 1760 537 1832 ς.
556 1745 705 1818 CXIX.
732 1739 954 1836 Exemplum
980 1758 1125 1833 quoque
1142 1738 1373 1814 Bernenlium
1393 1742 1519 1818 eodem
1537 1745 1655 1821 adhuc
1672 1772 1766 1823 anno

456 1845 494 1918 δε
512 1839 774 1941 insequentibus
791 1836 903 1912 secuti
922 1833 1025 1925 sunt,
1047 1835 1329 1933 constantienses,
1346 1841 1568 1940 Gemenses,
1587 1847 1767 1922 San-Gal·

453 1941 573 2036 lenset,
601 1938 835 2033 Glaronenses,
862 1936 1051 2008 Comitatus
1069 1926 1321 2031 Toggenbargici
1338 1939 1493 2032 incolae,
1517 1944 1662 2016 Arhenae
1678 1934 1767 2018 item

454 2040 492 2115 &
512 2039 654 2136 Alstetti
672 2038 768 2109 cives
786 2035 824 2106 in
841 2031 935 2106 valle
954 2029 1101 2119 Rheni,
1126 2032 1348 2129 Bafileenses,
1373 2055 1481 2133 atque
1498 2038 1572 2112 alii.

498 2135 613 2211 &tte
632 2125 1139 2208 CONSTANTIENSES
1159 2129 1264 2201 variis
1283 2135 1559 2208 contentionum
1572 2132 1744 2212 flubiibus

452 2231 622 2307 babienus
640 2232 767 2331 agitati
788 2226 868 2322 (b),
893 2223 1023 2298 abinde
1041 2223 1214 2319 imagines
1232 2227 1269 2300 δε
1287 2250 1361 2300 aras
1378 2253 1462 2303 cum
1472 2234 1676 2307 cerimoniis
1686 2259 1747 2309 otn

450 2331 556 2405 nibus
576 2329 718 2426 ipsoque
737 2326 790 2422 (c)
813 2320 921 2398 Missa
938 2320 1190 2394 aboleverunt.

500 2427 638 2499 Sed&
665 2418 1056 2511 GENEVENSES,
1090 2417 1307 2512 quibuscum
1335 2443 1483 2519 graves,
1517 2427 1653 2499 interea
1677 2427 1767 2505 dum

451 2525 533 2598 baec
552 2517 781 2594 in-Hclvetia
798 2514 1036 2616 gerebantur,
1060 2514 1354 2612 intercedebant,
1380 2543 1463 2595 cum
1485 2522 1650 2597 Sabaudo
1669 2529 1766 2623 pari·

450 2640 506 2694 ter
531 2639 637 2718 atque
660 2618 767 2691 etiam
787 2639 870 2688 cum
892 2614 1079 2711 Episcopo
1095 2611 1158 2685 suo
1180 2613 1397 2710 simultates,
1423 2619 1521 2693 circa
1537 2622 1766 2701 Libertatem

453 2719 608 2811 avitam,
642 2717 846 2789 vicinorum
873 2712 1132 2786 Helvetiomm
1157 2735 1199 2786 ac
1225 2713 1388 2810 inprimis
1414 2716 1646 2791 Betnenfium
1666 2740 1767 2796 tanto

455 2840 538 2890 cum
567 2815 774 2889 strenuitate
799 2833 889 2907 opus
907 2810 1225 2908 promoventium,
1251 2814 1421 2911 exemplo
1440 2818 1618 2911 permoti,
1645 2816 1690 2889 de
1706 2806 1766 2891 re·
1835 2810 1841 2820 ’

454 2913 647 2989 stautandis
665 2910 770 2984 sacris
787 2899 968 2983 mussitat!
981 2927 1060 3020 tuom
1078 2927 1275 3021 ceperunt,
1300 2911 1338 2985 dt
1357 2912 1521 3010 quaedam
1539 2913 1661 2987 tenuia
1677 2913 1766 2990 licet

450 3005 1201 3216 ςἛτῖξιξοὲειὴὲξῙξεξῐὲῐὲἔὲῗέοῐέἓῷ
1219 3107 1332 3181 multa
1351 3109 1388 3184 δι
1406 3111 1553 3209 egregia
1569 3111 1677 3184 avitae
1696 3112 1766 3184 Li·

451 3207 599 3283 bettatis
627 3211 781 3305 pignora
807 3204 965 3299 reliqua,
997 3205 1105 3277 etiam
1125 3204 1167 3277 iis
1184 3204 1283 3283 retrb
1299 3203 1443 3302 seculis,
1470 3208 1601 3307 quibus
1618 3205 1766 3279 videbu-

453 3326 515 3379 tur
542 3305 808 3402 superstitioni,
842 3324 910 3397 pro
936 3319 1142 3394 temporum
1169 3302 1402 3396 infelicitate,
1436 3306 1543 3378 nimis
1570 3301 1765 3375 indultum.

456 3400 631 3499 Episcopi
659 3400 787 3492 certi,
827 3421 901 3471 non
927 3394 993 3468 nist
1019 3397 1274 3563 coinmunibus
1292 3401 1347 3492 (d)
1375 3403 1413 3474 S.
1440 3403 1480 3473 P.
1508 3400 1564 3494 Q
1586 3393 1766 3568 suffpafiiis

1097 3512 1165 3565 Η
1635 3516 1690 3566 ee
1729 3521 1764 3594 t,

497 3707 548 3787 (a)
572 3703 648 3769 Vid.
672 3704 897 3772 RUCHAT.
923 3701 968 3769 T.
988 3704 1031 3771 ll.
1054 3725 1085 3789 p.
1104 3718 1353 3783 222—230.
1384 3704 1439 3785 qui
1461 3705 1522 3766 late
1536 3702 1592 3767 lms
1610 3704 1696 3770 nobis
1713 3720 1763 3784 tu,-

455 3793 596 3867 multus,
628 3802 723 3871 atque
744 3791 891 3856 adversus
915 3790 1081 3855 Farellum
1104 3789 1262 3855 suscitatas
1279 3788 1450 3851 limultates
1466 3804 1504 3850 ex
1520 3784 1595 3853 auis
1610 3791 1764 3856 authenti·

454 3876 499 3942 cis
517 3876 660 3940 delineat.
685 3872 771 3936 conf.
812 3891 1079 3955 ,ηπ-ιφ.
1676 3936 1680 3942 ,

494 3961 548 4041 (b)
573 3957 659 4021 conf.
679 3895 925 4022 HOTllNG.
943 3959 1043 4021 Helv.
1062 3956 1105 4019 K.
1117 3956 1161 4020 G.
1178 3954 1216 4018 ad
1234 3954 1278 4018 A.
1291 3967 1383 4033 1527.
1407 3975 1436 4038 p.
1449 3952 1697 4041 380-——384

495 4046 548 4126 (c)
572 4042 634 4105 vid.
653 4034 878 4105 SLEIDAN.
905 4038 978 4103 Lib.
991 4038 1052 4103 v1.
1077 4037 1137 4102 fol.
1154 4055 1207 4118 95.
1224 4058 1252 4101 a.
1284 4037 1371 4102 conf.
1390 4059 1461 4123 quae
1479 4040 1509 4121 d.
1528 4039 1622 4107 clv.
1648 4058 1761 4148 papo.

455 4126 717 4291 offifuvntm
736 4201 983 4271 SPANHEM.
1009 4191 1144 4269 Genera
1160 4203 1296 4274 restituta
1312 4204 1345 4272 in
1361 4204 1548 4275 Miscellnn.
1559 4204 1670 4275 -Sactat
1687 4192 1773 4272 anti·¹

456 4294 534 4377 quit.
560 4292 631 4360 Lib.
650 4291 694 4360 X>
722 4290 805 4374 Opp.
831 4287 934 4352 Turn.
952 4287 977 4353 1.
1001 4308 1032 4373 p.
1047 4304 1137 4368 1522.
