4442 5150
461 584 629 680 mm.
794 535 1435 659 nnuovnrt
1572 584 1771 687 ἰη

460 715 597 812 inceps·
612 714 649 784 in
675 705 835 781 dourina
860 706 1092 804 Theologica
1114 707 1239 784 fecerit
1259 713 1481 810 progressus,
1506 734 1547 790 ut
1565 715 1767 814 digniorem

458 836 528 886 nec
556 813 674 884 civem
701 832 767 880 nec
787 807 994 878 Senatorem
1012 827 1120 902 atque
1139 806 1332 882 Consulem
1353 831 1431 884 tum
1453 815 1580 887 habere
1625 817 1768 891 otuilset
1867 844 1885 877 ⁰

459 912 610 998 civitas,
635 931 700 978 nec
719 904 901 977 meliorem
920 900 1212 979 Reformatorem
1226 841 1628 1008 EcclefiaSongallenlis
1639 946 1652 1001 3
1680 915 1768 989 Fuit

459 1027 579 1082 autem
607 1028 681 1076 non
706 1003 800 1098 apud
826 1003 861 1073 S.
882 998 1063 1074 Galleuses
1081 999 1215 1095 modo,
1241 1005 1296 1076 sed
1316 1007 1351 1078 dt
1371 1011 1465 1103 apud
1484 1030 1608 1083 omnes
1627 1011 1766 1085 Helve-

459 1107 529 1179 tios
557 1125 727 1199 magnum
759 1098 909 1171 vadiani
936 1119 1087 1189 nomen,
1116 1119 1156 1170 ut
1174 1101 1216 1172 ad
1237 1102 1382 1195 publica
1399 1109 1544 1203 negotia
1560 1130 1667 1202 atque
1683 1132 1767 1205 gras

458 1200 594 1276 tissima
625 1199 864 1271 adhiberetur.
908 1195 1008 1268 Nam
1033 1193 1139 1266 semel
1165 1218 1271 1292 atque
1298 1202 1426 1273 iterum
1453 1206 1529 1296 eius
1555 1206 1768 1279 auctoritate

486 1299 607 1372 ublica
630 1296 710 1369 sunt
733 1293 853 1366 habita
874 1293 1042 1382 comitia,
1069 1292 1170 1389 isque
1188 1320 1259 1365 non
1276 1295 1381 1370 semel
1401 1302 1436 1371 in
1449 1291 1556 1373 s'ebus
1574 1302 1691 1374 dubiis
1709 1328 1765 1376 ar·

457 1322 553 1471 diter
577 1394 629 1469 est
654 1392 893 1484 constitutus,
919 1391 955 1460 in
977 1390 1167 1484 colloquiis
1185 1393 1360 1488 publicis,
1388 1393 1408 1468 ὲ
1428 1398 1556 1491 quibus
1573 1398 1708 1496 semper
1727 1425 1766 1474 re

456 1492 549 1568 bene
575 1492 674 1590 gesta
698 1487 850 1564 discessit
860 1522 873 1575 3
909 1486 979 1558 Uti
1005 1507 1132 1558 notum
1160 1490 1233 1582 est,
1267 1516 1372 1589 quam
1400 1494 1427 1566 is
1440 1497 1516 1593 jam
1536 1498 1582 1568 A.
1599 1520 1701 1594 ¹523·
1728 1500 1765 1571 in

373 1615 380 1639 ·
456 1590 716 1688 Disputatione
741 1586 923 1684 Tigurina
950 1582 1112 1656 Prtesrdis
1134 1587 1229 1659 vices
1247 1592 1383 1687 egerit,
1396 1614 1516 1690 ¹atque
1533 1593 1670 1667 easdem
1690 1595 1774 1680 illas

455 1690 555 1763 vices
577 1688 613 1759 in
633 1685 888 1783 Disputatione
906 1679 1073 1753 Bernenfi
1092 1684 1141 1752 A.
1156 1681 1259 1777 1528.
1286 1711 1513 1783 magnacum
1534 1693 1689 1764 nominis
1706 1716 1765 1765 ce·

457 1785 623 1859 lebritate
641 1782 862 1858 sustinuerit:
897 1778 987 1869 Sed,
1013 1777 1050 1848 in
1067 1776 1141 1875 ipsa
1159 1779 1264 1853 Urbe
1282 1784 1319 1855 S.
1339 1785 1497 1859 Gallcnsr
1517 1787 1765 1862 Reformatio·

455 1884 510 1958 uis
535 1884 723 1979 negotium
752 1882 780 1951 is
807 1880 856 1951 ita
882 1874 1088 1972 promovit,
1116 1897 1158 1946 ut·
1174 1901 1317 1975 quoque
1335 1881 1509 1955 doslrinae
1529 1888 1676 1981 puritati
1695 1888 1764 1959 im-

454 1979 563 2077 pensi:
591 1979 787 2069 studuerit,
821 1995 952 2070 atquc,
986 1995 1052 2062 nc,
1078 1973 1164 2046 dum
1184 1975 1441 2070 superstitionis
1462 1980 1665 2055 Pontificiae
1685 1985 1765 2056 idn·

453 2079 529 2154 lum
556 2077 780 2166 aboleretur,
815 2070 1128 2170 spiritussanatici
1156 2070 1279 2145 deliria
1303 2097 1439 2149 mentes
1457 2077 1682 2173 infestarent,
1709 2084 1765 2154 iu·

453 2177 680 2275 vigilaverit;
719 2174 832 2246 Erant
858 2172 953 2242 enim
981 2189 1058 2241 tum
1087 2170 1333 2268 Anabaptistae
1362 2197 1494 2272 magno
1520 2175 1598 2251 satis
1616 2202 1767 2252 numero

454 2292 562 2372 atque
580 2273 702 2348 valido
720 2268 909 2344 conamine
927 2267 988 2362 qui
1008 2265 1150 2338 veritati
1170 2267 1401 2365 Evangelicoe
1420 2272 1658 2364 obsistebant3
1696 2278 1767 2348 Hit

453 2391 572 2446 autem
599 2369 805 2460 Vadionus,
831 2390 903 2439 non
923 2383 994 2436 tam
1013 2359 1225 2437 auctoritare
1242 2388 1312 2460 qua
1329 2367 1510 2463 pollebat,
1535 2393 1596 2445 aut
1614 2375 1650 2444 vi
1668 2374 1765 2465 ulla,

454 2491 563 2567 quam
591 2489 758 2539 exercere
776 2464 937 2537 adversus
956 2458 1165 2557 reipublicae
1184 2463 1385 2537 turbatores
1403 2465 1469 2559 lpsl
1488 2470 1652 2564 proclive
1668 2492 1765 2564 erat,

453 2589 561 2662 quam
595 2563 794 2637 rationibus
821 2563 858 2636 ὃ(
886 2560 1140 2655 scripturarum
1167 2554 1379 2636 testimoniis
1405 2563 1482 2637 ibat
1508 2569 1559 2661 (a)
1593 2567 1762 2657 obviam3

453 2661 520 2736 Ne
544 2661 729 2752 dicamus,
764 2659 863 2757 quod
888 2661 925 2732 in
950 2658 1048 2731 bello
1076 2657 1351 2754 Eucharistico,
1384 2660 1494 2758 ipfius
1520 2688 1665 2763 quoque
1691 2691 1766 2740 non

453 2760 619 2857 vulgares
645 2757 780 2836 fuerint
807 2776 944 2851 partes,
971 2759 1107 2855 quippe
1124 2757 1167 2830 ad
1187 2758 1291 2856 quod
1302 2760 1594 2855 componendum
1612 2783 1720 2861 atque
1738 2762 1764 2837 si

451 2855 532 2932 fieri
567 2853 738 2955 potuisset
770 2850 1016 2928 suffocandum
1043 2856 1071 2927 is
1097 2880 1220 2929 omnes
1245 2858 1400 2932 intendit
1424 2882 1581 2950 nervos,
1623 2862 1763 2934 edendo
1809 2916 1811 2920 >

452 2958 730 3052 Aphorismorm
747 2955 869 3027 Libros
889 2950 944 3045 (b)
956 2954 1018 3047 sex
1034 2954 1073 3026 de
1091 2955 1355 3050 Confideratione
1372 2957 1595 3054 Eucharistiae
1613 2958 1687 3031 διε.
1715 2982 1762 3032 ex

453 3054 605 3151 quibus,
632 3077 796 3151 quaenam
816 3053 891 3146 ejus
911 3074 1031 3144 mens,
1058 3050 1253 3148 &quinam
1273 3057 1308 3127 in
1324 3056 1511 3128 veritatem
1530 3058 1667 3129 animus
1685 3054 1764 3130 fue·

451 3155 500 3225 rit
524 3172 633 3249 atque
658 3153 793 3224 candor
812 3149 1045 3244 perspicitur,
1073 3147 1245 3247 fiquidem
1265 3154 1292 3225 is
1305 3153 1600 3227 iuteraliaehunc
1618 3178 1763 3249 quoque

451 3248 496 3326 de
513 3249 547 3324 se
565 3250 688 3349 prodit
708 3251 744 3321 in
765 3244 981 3320 Praesatione
999 3248 1385 3416 anirqischaradterem:
1413 3305 1441 3349 „
1460 3250 1520 3325 nh
1537 3276 1581 3326 eo
1599 3272 1764 3348 tempore

1147 3369 1163 3444 3
1646 3400 1673 3443 rr
1690 3372 1765 3447 (ΨΟ

495 3541 544 3620 (a)
568 3538 639 3605 Nifi
663 3542 752 3622 qnod
775 3556 900 3619 tamen,
929 3555 1008 3603 cum
1032 3533 1106 3600 esser
1128 3539 1259 3620 quidam
1283 3540 1351 3622 ejus
1367 3546 1508 3629 generis,
1527 3545 1588 3630 qui
1603 3543 1687 3610 fratri
1704 3545 1765 3611 suo

452 3628 605 3711 ‘germano
628 3626 764 3689 cervices
788 3646 825 3689 ac
848 3637 942 3705 caput
963 3618 1110 3699 abscidit,
1132 3625 1281 3703 prasente
1296 3641 1380 3707 putre
1395 3644 1490 3708 atque
1506 3648 1625 3713 marre,
1648 3630 1764 3714 quibus
1793 3686 1796 3692 .

451 3706 639 3794 persuaserat
662 3704 681 3766 a*
705 3706 771 3769 Dea
787 3708 849 3786 stoi
872 3707 929 3791 effe
950 3702 1125 3786 injussum
1141 3722 1177 3768 ut
1193 3707 1228 3767 id
1236 3706 1377 3785 facerem
1400 3710 1424 3771 is
1442 3710 1458 3772 d
1475 3730 1527 3775 ma
1551 3714 1651 3778 istrmu
1669 3734 1761 3779 com·

451 3789 640 3877 prehensus,
657 3791 788 3855 eandem
803 3812 932 3873 poenam
947 3788 976 3855 dt
990 3788 1050 3872 ipse
1066 3791 1153 3853 luere
1168 3788 1327 3865 debuerit,
1342 3789 1493 3851 referente
1509 3794 1530 3860 S
1569 3796 1761 3863 EIDANO

450 3878 490 3941 ad
509 3876 551 3939 A.
565 3886 657 3953 1527.
683 3893 711 3955 p.
730 3879 834 3956 m393.
852 3895 879 3938 a.
903 3874 990 3939 Tam
1008 3873 1191 3958 periculosae
1208 3876 1339 3959 plenum
1356 3871 1435 3953 bpus
1452 3872 1494 3934 esl
1511 3880 1605 3958 alere,
1629 3883 1761 3947 vifiones

449 3959 568 4043 jaune
591 3972 686 4039 atque
710 3954 849 4038 somnia,
879 3958 1022 4042 deinceps
1047 3955 1206 4023 inlllnslus
1223 3973 1364 4039 crepare,
1388 3969 1483 4038 atque
1496 3954 1532 4021 iis
1549 3958 1580 4020 se
1596 3960 1713 4046 suaque
1731 3967 1763 4033 ἃ

351 4089 359 4102 ·
453 4066 525 4131 quae
543 4044 613 4108 sunt
627 4040 782 4120 aliorum,
805 4042 1023 4107 committere!

494 4147 548 4226 (b)
574 4140 704 4208 Editum
722 4136 764 4202 ell
781 4158 860 4222 opus
878 4135 1108 4206 Dourffimum
1119 4137 1236 4224 Tifforl
1252 4138 1295 4204 Α.
1309 4140 1400 4223 1536.
1417 4138 1477 4204 fol.
1500 4155 1595 4229 atque
1611 4138 1764 4212 Conrado

455 4221 640 4312 Pellictno,
663 4242 734 4293 tum
750 4222 897 4308 temporis
915 4221 1091 4309 Theologo
1104 4221 1265 4312 Tigurino
1280 4222 1473 4312 inscriptum.
