<?xml version="1.0" encoding="UTF-8"?>
<!DOCTYPE html PUBLIC "-//W3C//DTD XHTML 1.0 Transitional//EN"
    "http://www.w3.org/TR/xhtml1/DTD/xhtml1-transitional.dtd">
<html xmlns="http://www.w3.org/1999/xhtml" xml:lang="en" lang="en">
 <head>
  <title>
</title>
<meta http-equiv="Content-Type" content="text/html;charset=utf-8" />
  <meta name='ocr-system' content='tesseract 3.04.00' />
  <meta name='ocr-capabilities' content='ocr_page ocr_carea ocr_par ocr_line ocrx_word'/>
</head>
<body>
  <div class='ocr_page' id='page_1' title='image "./introductioinhi01gerdgoog_0234.png"; bbox 0 0 4442 5150; ppageno 0'>
   <div class='ocr_carea' id='block_1_1' title="bbox 453 598 1767 714">
    <p class='ocr_par' dir='ltr' id='par_1_1' title="bbox 453 598 1767 714">
     <span class='ocr_line' id='line_1_1' title="bbox 453 598 1767 714; baseline -0.002 -16"><span class='ocrx_word' id='word_1_1' title='bbox 453 629 524 701; x_wconf 75' lang='lat' dir='ltr'>&#39;ata</span> <span class='ocrx_word' id='word_1_2' title='bbox 643 598 1514 692; x_wconf 77' lang='lat' dir='ltr'>rrrsronranvnucnnrr</span> <span class='ocrx_word' id='word_1_3' title='bbox 1598 616 1767 714; x_wconf 62' lang='lat' dir='ltr'>nmo.</span> 
     </span>
    </p>
   </div>
   <div class='ocr_carea' id='block_1_2' title="bbox 329 740 1815 2600">
    <p class='ocr_par' dir='ltr' id='par_1_2' title="bbox 453 740 1767 1040">
     <span class='ocr_line' id='line_1_2' title="bbox 453 740 1766 845; baseline 0 -23"><span class='ocrx_word' id='word_1_4' title='bbox 453 746 589 840; x_wconf 84' lang='lat' dir='ltr'>ferret,</span> <span class='ocrx_word' id='word_1_5' title='bbox 620 745 658 821; x_wconf 71' lang='grc' dir='ltr'>ὃ(</span> <span class='ocrx_word' id='word_1_6' title='bbox 686 744 706 819; x_wconf 77' lang='grc' dir='ltr'>ὲ</span> <span class='ocrx_word' id='word_1_7' title='bbox 732 743 890 818; x_wconf 84' lang='lat' dir='ltr'>sermone</span> <span class='ocrx_word' id='word_1_8' title='bbox 915 740 1145 817; x_wconf 85' lang='lat' dir='ltr'>Granvellani</span> <span class='ocrx_word' id='word_1_9' title='bbox 1172 743 1371 838; x_wconf 85' lang='lat' dir='ltr'>periculum</span> <span class='ocrx_word' id='word_1_10' title='bbox 1398 741 1498 816; x_wconf 89' lang='lat' dir='ltr'>suum</span> <span class='ocrx_word' id='word_1_11' title='bbox 1526 744 1766 845; x_wconf 81' lang='lat' dir='ltr'>intelligeret,</span> 
     </span>
     <span class='ocr_line' id='line_1_3' title="bbox 455 839 1767 938; baseline 0.002 -21"><span class='ocrx_word' id='word_1_12' title='bbox 455 844 598 918; x_wconf 89' lang='lat' dir='ltr'>filentio</span> <span class='ocrx_word' id='word_1_13' title='bbox 626 843 832 916; x_wconf 88' lang='lat' dir='ltr'>conscendit</span> <span class='ocrx_word' id='word_1_14' title='bbox 857 865 1016 938; x_wconf 90' lang='lat' dir='ltr'>equum,</span> <span class='ocrx_word' id='word_1_15' title='bbox 1049 840 1086 914; x_wconf 75' lang='grc' dir='ltr'>δε</span> <span class='ocrx_word' id='word_1_16' title='bbox 1112 839 1275 913; x_wconf 80' lang='lat' dir='ltr'>celeriter</span> <span class='ocrx_word' id='word_1_17' title='bbox 1296 841 1515 935; x_wconf 81' lang='lat' dir='ltr'>Ferrariam,</span> <span class='ocrx_word' id='word_1_18' title='bbox 1541 845 1624 917; x_wconf 92' lang='lat' dir='ltr'>inde</span> <span class='ocrx_word' id='word_1_19' title='bbox 1648 848 1767 920; x_wconf 83' lang='lat' dir='ltr'>Vene-</span> 
     </span>
     <span class='ocr_line' id='line_1_4' title="bbox 457 939 1081 1040; baseline -0.008 -26"><span class='ocrx_word' id='word_1_20' title='bbox 457 943 522 1014; x_wconf 83' lang='lat' dir='ltr'>tiat</span> <span class='ocrx_word' id='word_1_21' title='bbox 540 939 743 1040; x_wconf 63' lang='lat' dir='ltr'>profesius,</span> <span class='ocrx_word' id='word_1_22' title='bbox 769 939 903 1010; x_wconf 91' lang='lat' dir='ltr'>donum</span> <span class='ocrx_word' id='word_1_23' title='bbox 922 940 1081 1010; x_wconf 90' lang='lat' dir='ltr'>revertit.</span> 
     </span>
    </p>

    <p class='ocr_par' dir='ltr' id='par_1_3' title="bbox 329 1033 1771 1619">
     <span class='ocr_line' id='line_1_5' title="bbox 505 1033 1768 1133; baseline 0.002 -22"><span class='ocrx_word' id='word_1_24' title='bbox 505 1051 536 1125; x_wconf 84' lang='lat'>§.</span> <span class='ocrx_word' id='word_1_25' title='bbox 556 1038 785 1111; x_wconf 80' lang='lat' dir='ltr'>LXXXIV.</span> <span class='ocrx_word' id='word_1_26' title='bbox 814 1037 874 1109; x_wconf 84' lang='lat' dir='ltr'>Sic</span> <span class='ocrx_word' id='word_1_27' title='bbox 895 1036 1007 1132; x_wconf 91' lang='lat' dir='ltr'>igitur</span> <span class='ocrx_word' id='word_1_28' title='bbox 1024 1058 1076 1107; x_wconf 90' lang='lat' dir='ltr'>res</span> <span class='ocrx_word' id='word_1_29' title='bbox 1091 1033 1370 1108; x_wconf 87' lang='lat' dir='ltr'>Protestantium</span> <span class='ocrx_word' id='word_1_30' title='bbox 1392 1035 1559 1110; x_wconf 72' lang='lat' dir='ltr'>haelenae</span> <span class='ocrx_word' id='word_1_31' title='bbox 1577 1063 1702 1133; x_wconf 91' lang='lat' dir='ltr'>patum</span> <span class='ocrx_word' id='word_1_32' title='bbox 1722 1064 1768 1114; x_wconf 83' lang='lat' dir='ltr'>ex</span> 
     </span>
     <span class='ocr_line' id='line_1_6' title="bbox 457 1130 1771 1233; baseline 0 -25"><span class='ocrx_word' id='word_1_33' title='bbox 457 1155 548 1208; x_wconf 87' lang='lat' dir='ltr'>voto</span> <span class='ocrx_word' id='word_1_34' title='bbox 575 1134 770 1233; x_wconf 84' lang='lat' dir='ltr'>procedens</span> <span class='ocrx_word' id='word_1_35' title='bbox 796 1132 914 1205; x_wconf 74' lang='lat' dir='ltr'>ansam·</span> <span class='ocrx_word' id='word_1_36' title='bbox 938 1130 1209 1228; x_wconf 81' lang='lat' dir='ltr'>suppeditabat,</span> <span class='ocrx_word' id='word_1_37' title='bbox 1243 1154 1284 1204; x_wconf 95' lang='lat' dir='ltr'>ut</span> <span class='ocrx_word' id='word_1_38' title='bbox 1303 1133 1347 1204; x_wconf 95' lang='lat' dir='ltr'>de</span> <span class='ocrx_word' id='word_1_39' title='bbox 1365 1134 1394 1204; x_wconf 90' lang='lat' dir='ltr'>F</span> <span class='ocrx_word' id='word_1_40' title='bbox 1398 1136 1520 1208; x_wconf 83' lang='lat' dir='ltr'>oedere</span> <span class='ocrx_word' id='word_1_41' title='bbox 1538 1134 1704 1230; x_wconf 75' lang='lat' dir='ltr'>ardliori,</span> <span class='ocrx_word' id='word_1_42' title='bbox 1731 1142 1771 1215; x_wconf 79' lang='lat' dir='ltr'>dc</span> 
     </span>
     <span class='ocr_line' id='line_1_7' title="bbox 455 1227 1769 1330; baseline 0.002 -26"><span class='ocrx_word' id='word_1_43' title='bbox 455 1252 580 1306; x_wconf 89' lang='lat' dir='ltr'>mutua</span> <span class='ocrx_word' id='word_1_44' title='bbox 608 1254 781 1306; x_wconf 89' lang='lat' dir='ltr'>terrarum</span> <span class='ocrx_word' id='word_1_45' title='bbox 809 1233 959 1305; x_wconf 86' lang='lat' dir='ltr'>Suarum</span> <span class='ocrx_word' id='word_1_46' title='bbox 986 1227 1209 1319; x_wconf 81' lang='lat' dir='ltr'>defensione,</span> <span class='ocrx_word' id='word_1_47' title='bbox 1245 1230 1402 1327; x_wconf 83' lang='lat' dir='ltr'>itemque</span> <span class='ocrx_word' id='word_1_48' title='bbox 1421 1231 1561 1304; x_wconf 90' lang='lat' dir='ltr'>Caesare</span> <span class='ocrx_word' id='word_1_49' title='bbox 1580 1234 1769 1330; x_wconf 91' lang='lat' dir='ltr'>leniendo,</span> 
     </span>
     <span class='ocr_line' id='line_1_8' title="bbox 454 1328 1767 1428; baseline -0.009 -26"><span class='ocrx_word' id='word_1_50' title='bbox 454 1332 550 1403; x_wconf 87' lang='lat' dir='ltr'>varia</span> <span class='ocrx_word' id='word_1_51' title='bbox 577 1332 753 1428; x_wconf 79' lang='lat' dir='ltr'>agitarent</span> <span class='ocrx_word' id='word_1_52' title='bbox 780 1328 949 1418; x_wconf 79' lang='lat' dir='ltr'>consilia,</span> <span class='ocrx_word' id='word_1_53' title='bbox 976 1351 1061 1399; x_wconf 86' lang='lat' dir='ltr'>mox</span> <span class='ocrx_word' id='word_1_54' title='bbox 1081 1328 1118 1397; x_wconf 90' lang='lat' dir='ltr'>in</span> <span class='ocrx_word' id='word_1_55' title='bbox 1137 1347 1319 1398; x_wconf 91' lang='lat' dir='ltr'>conventu</span> <span class='ocrx_word' id='word_1_56' title='bbox 1341 1331 1535 1423; x_wconf 84' lang='lat' dir='ltr'>Roracenſs,</span> <span class='ocrx_word' id='word_1_57' title='bbox 1562 1354 1649 1401; x_wconf 86' lang='lat' dir='ltr'>mox</span> <span class='ocrx_word' id='word_1_58' title='bbox 1668 1337 1767 1407; x_wconf 85' lang='lat' dir='ltr'>Swo.</span> 
     </span>
     <span class='ocr_line' id='line_1_9' title="bbox 453 1426 1770 1525; baseline 0.002 -24"><span class='ocrx_word' id='word_1_59' title='bbox 453 1431 599 1525; x_wconf 83' lang='lat' dir='ltr'>bacenst,</span> <span class='ocrx_word' id='word_1_60' title='bbox 635 1453 720 1499; x_wconf 88' lang='lat' dir='ltr'>mox</span> <span class='ocrx_word' id='word_1_61' title='bbox 750 1429 1006 1519; x_wconf 82' lang='lat' dir='ltr'>Smalcaldenfi,</span> <span class='ocrx_word' id='word_1_62' title='bbox 1041 1449 1128 1496; x_wconf 87' lang='lat' dir='ltr'>mox</span> <span class='ocrx_word' id='word_1_63' title='bbox 1153 1426 1260 1496; x_wconf 91' lang='lat' dir='ltr'>etiam</span> <span class='ocrx_word' id='word_1_64' title='bbox 1287 1428 1541 1522; x_wconf 80' lang='lat' dir='ltr'>Noribergenst,</span> <span class='ocrx_word' id='word_1_65' title='bbox 1576 1429 1770 1521; x_wconf 74' lang='lat' dir='ltr'>inquibus</span> 
     </span>
     <span class='ocr_line' id='line_1_10' title="bbox 329 1518 1768 1619; baseline 0.001 -22"><span class='ocrx_word' id='word_1_66' title='bbox 329 1524 335 1534; x_wconf 82' lang='grc'>’</span> <span class='ocrx_word' id='word_1_67' title='bbox 454 1544 573 1598; x_wconf 79' lang='lat' dir='ltr'>tannen</span> <span class='ocrx_word' id='word_1_68' title='bbox 593 1525 783 1615; x_wconf 82' lang='lat' dir='ltr'>omnibus,</span> <span class='ocrx_word' id='word_1_69' title='bbox 801 1544 949 1618; x_wconf 88' lang='lat' dir='ltr'>propter</span> <span class='ocrx_word' id='word_1_70' title='bbox 968 1521 1136 1592; x_wconf 87' lang='lat' dir='ltr'>intestina</span> <span class='ocrx_word' id='word_1_71' title='bbox 1151 1519 1307 1612; x_wconf 84' lang='lat' dir='ltr'>diffidia,</span> <span class='ocrx_word' id='word_1_72' title='bbox 1354 1518 1453 1593; x_wconf 78' lang='lat' dir='ltr'>arum</span> <span class='ocrx_word' id='word_1_73' title='bbox 1471 1523 1588 1619; x_wconf 84' lang='lat' dir='ltr'>quoad</span> <span class='ocrx_word' id='word_1_74' title='bbox 1608 1527 1657 1597; x_wconf 90' lang='lat' dir='ltr'>rei</span> <span class='ocrx_word' id='word_1_75' title='bbox 1673 1525 1768 1598; x_wconf 90' lang='lat' dir='ltr'>sum·</span> 
     </span>
    </p>

    <p class='ocr_par' dir='ltr' id='par_1_4' title="bbox 451 1547 1815 2600">
     <span class='ocr_line' id='line_1_11' title="bbox 452 1547 1770 1722; baseline 0.001 -27"><span class='ocrx_word' id='word_1_76' title='bbox 452 1646 546 1695; x_wconf 85' lang='lat' dir='ltr'>nram</span> <span class='ocrx_word' id='word_1_77' title='bbox 576 1622 644 1695; x_wconf 87' lang='lat' dir='ltr'>suit</span> <span class='ocrx_word' id='word_1_78' title='bbox 673 1621 897 1716; x_wconf 76' lang='lat' dir='ltr'>prosedlum:</span> <span class='ocrx_word' id='word_1_79' title='bbox 936 1621 1114 1714; x_wconf 87' lang='lat' dir='ltr'>Injecerat</span> <span class='ocrx_word' id='word_1_80' title='bbox 1139 1620 1233 1690; x_wconf 91' lang='lat' dir='ltr'>enim</span> <span class='ocrx_word' id='word_1_81' title='bbox 1255 1547 1413 1691; x_wconf 69' lang='lat' dir='ltr'>Elediori</span> <span class='ocrx_word' id='word_1_82' title='bbox 1435 1621 1601 1694; x_wconf 82' lang='lat' dir='ltr'>Saxoniae</span> <span class='ocrx_word' id='word_1_83' title='bbox 1620 1621 1770 1722; x_wconf 92' lang='lat' dir='ltr'>scrupu-</span> 
     </span>
     <span class='ocr_line' id='line_1_12' title="bbox 452 1714 1768 1812; baseline 0.002 -19"><span class='ocrx_word' id='word_1_84' title='bbox 452 1721 529 1793; x_wconf 88' lang='lat' dir='ltr'>lum</span> <span class='ocrx_word' id='word_1_85' title='bbox 548 1720 851 1794; x_wconf 84' lang='lat' dir='ltr'>LUTHERUS</span> <span class='ocrx_word' id='word_1_86' title='bbox 873 1718 946 1811; x_wconf 87' lang='lat' dir='ltr'>(a),</span> <span class='ocrx_word' id='word_1_87' title='bbox 973 1717 1035 1812; x_wconf 91' lang='lat' dir='ltr'>qui</span> <span class='ocrx_word' id='word_1_88' title='bbox 1053 1718 1089 1787; x_wconf 89' lang='lat' dir='ltr'>in</span> <span class='ocrx_word' id='word_1_89' title='bbox 1109 1714 1145 1786; x_wconf 95' lang='lat' dir='ltr'>id</span> <span class='ocrx_word' id='word_1_90' title='bbox 1165 1739 1247 1786; x_wconf 91' lang='lat' dir='ltr'>cum</span> <span class='ocrx_word' id='word_1_91' title='bbox 1266 1715 1334 1788; x_wconf 84' lang='lat' dir='ltr'>suis</span> <span class='ocrx_word' id='word_1_92' title='bbox 1349 1717 1604 1811; x_wconf 83' lang='lat' dir='ltr'>incumbebat,</span> <span class='ocrx_word' id='word_1_93' title='bbox 1630 1740 1672 1795; x_wconf 93' lang='lat' dir='ltr'>ut</span> <span class='ocrx_word' id='word_1_94' title='bbox 1691 1725 1768 1796; x_wconf 89' lang='lat' dir='ltr'>Re·</span> 
     </span>
     <span class='ocr_line' id='line_1_13' title="bbox 453 1812 1768 1911; baseline 0.002 -20"><span class='ocrx_word' id='word_1_95' title='bbox 453 1817 627 1891; x_wconf 83' lang='lat' dir='ltr'>formatos</span> <span class='ocrx_word' id='word_1_96' title='bbox 646 1820 694 1889; x_wconf 91' lang='lat' dir='ltr'>ita</span> <span class='ocrx_word' id='word_1_97' title='bbox 712 1815 848 1906; x_wconf 74' lang='lat' dir='ltr'>dislos,</span> <span class='ocrx_word' id='word_1_98' title='bbox 877 1813 947 1885; x_wconf 88' lang='lat' dir='ltr'>srve</span> <span class='ocrx_word' id='word_1_99' title='bbox 964 1815 1026 1910; x_wconf 92' lang='lat' dir='ltr'>qui</span> <span class='ocrx_word' id='word_1_100' title='bbox 1044 1837 1129 1885; x_wconf 90' lang='lat' dir='ltr'>cum</span> <span class='ocrx_word' id='word_1_101' title='bbox 1149 1812 1329 1886; x_wconf 90' lang='lat' dir='ltr'>Helvetiis</span> <span class='ocrx_word' id='word_1_102' title='bbox 1346 1813 1566 1911; x_wconf 85' lang='lat' dir='ltr'>sentiebant,</span> <span class='ocrx_word' id='word_1_103' title='bbox 1589 1817 1632 1890; x_wconf 90' lang='lat' dir='ltr'>ab</span> <span class='ocrx_word' id='word_1_104' title='bbox 1651 1819 1768 1893; x_wconf 89' lang='lat' dir='ltr'>isthoc</span> 
     </span>
     <span class='ocr_line' id='line_1_14' title="bbox 453 1909 1769 2009; baseline 0.001 -20"><span class='ocrx_word' id='word_1_105' title='bbox 453 1914 593 1989; x_wconf 77' lang='lat' dir='ltr'>sordere</span> <span class='ocrx_word' id='word_1_106' title='bbox 611 1913 799 2009; x_wconf 72' lang='lat' dir='ltr'>tantopere</span> <span class='ocrx_word' id='word_1_107' title='bbox 817 1913 944 1983; x_wconf 83' lang='lat' dir='ltr'>utrivis</span> <span class='ocrx_word' id='word_1_108' title='bbox 965 1913 1056 2009; x_wconf 90' lang='lat' dir='ltr'>parti</span> <span class='ocrx_word' id='word_1_109' title='bbox 1073 1909 1352 1995; x_wconf 87' lang='lat' dir='ltr'>Protestanrium</span> <span class='ocrx_word' id='word_1_110' title='bbox 1372 1911 1542 2009; x_wconf 87' lang='lat' dir='ltr'>proficuo</span> <span class='ocrx_word' id='word_1_111' title='bbox 1560 1939 1602 1986; x_wconf 86' lang='lat' dir='ltr'>ac</span> <span class='ocrx_word' id='word_1_112' title='bbox 1616 1917 1769 1990; x_wconf 78' lang='lat' dir='ltr'>necessa·</span> 
     </span>
     <span class='ocr_line' id='line_1_15' title="bbox 454 2006 1769 2109; baseline 0.002 -24"><span class='ocrx_word' id='word_1_113' title='bbox 454 2015 533 2106; x_wconf 88' lang='lat' dir='ltr'>rio,</span> <span class='ocrx_word' id='word_1_114' title='bbox 568 2006 796 2101; x_wconf 86' lang='lat' dir='ltr'>excluderet,</span> <span class='ocrx_word' id='word_1_115' title='bbox 824 2010 1078 2105; x_wconf 89' lang='lat' dir='ltr'>intempestivo</span> <span class='ocrx_word' id='word_1_116' title='bbox 1097 2006 1211 2080; x_wconf 74' lang='lat' dir='ltr'>taetus</span> <span class='ocrx_word' id='word_1_117' title='bbox 1229 2009 1331 2101; x_wconf 89' lang='lat' dir='ltr'>zelo,</span> <span class='ocrx_word' id='word_1_118' title='bbox 1359 2007 1459 2107; x_wconf 77' lang='lat' dir='ltr'>quod</span> <span class='ocrx_word' id='word_1_119' title='bbox 1477 2010 1613 2085; x_wconf 86' lang='lat' dir='ltr'>videret</span> <span class='ocrx_word' id='word_1_120' title='bbox 1633 2013 1769 2109; x_wconf 86' lang='lat' dir='ltr'>pleros·</span> 
     </span>
     <span class='ocr_line' id='line_1_16' title="bbox 453 2107 1815 2208; baseline 0.004 -26"><span class='ocrx_word' id='word_1_121' title='bbox 453 2132 525 2208; x_wconf 87' lang='lat' dir='ltr'>que</span> <span class='ocrx_word' id='word_1_122' title='bbox 548 2110 729 2200; x_wconf 89' lang='lat' dir='ltr'>eruditos,</span> <span class='ocrx_word' id='word_1_123' title='bbox 764 2111 798 2179; x_wconf 91' lang='lat' dir='ltr'>in</span> <span class='ocrx_word' id='word_1_124' title='bbox 818 2108 871 2179; x_wconf 89' lang='lat' dir='ltr'>his</span> <span class='ocrx_word' id='word_1_125' title='bbox 889 2109 994 2179; x_wconf 91' lang='lat' dir='ltr'>etiam</span> <span class='ocrx_word' id='word_1_126' title='bbox 1014 2109 1219 2180; x_wconf 80' lang='lat' dir='ltr'>Billicanum</span> <span class='ocrx_word' id='word_1_127' title='bbox 1237 2107 1566 2204; x_wconf 89' lang='lat' dir='ltr'>Noribergensem,</span> <span class='ocrx_word' id='word_1_128' title='bbox 1594 2113 1770 2186; x_wconf 83' lang='lat' dir='ltr'>Urbanum</span> <span class='ocrx_word' id='word_1_129' title='bbox 1813 2148 1815 2154; x_wconf 96' lang='lat'>·</span> 
     </span>
     <span class='ocr_line' id='line_1_17' title="bbox 454 2202 1771 2306; baseline 0.002 -24"><span class='ocrx_word' id='word_1_130' title='bbox 454 2211 620 2305; x_wconf 82' lang='lat' dir='ltr'>Regium,</span> <span class='ocrx_word' id='word_1_131' title='bbox 639 2208 676 2282; x_wconf 91' lang='lat'>&amp;</span> <span class='ocrx_word' id='word_1_132' title='bbox 695 2208 782 2279; x_wconf 89' lang='lat' dir='ltr'>alios</span> <span class='ocrx_word' id='word_1_133' title='bbox 800 2203 933 2277; x_wconf 89' lang='lat' dir='ltr'>multos</span> <span class='ocrx_word' id='word_1_134' title='bbox 952 2206 988 2277; x_wconf 93' lang='lat' dir='ltr'>in</span> <span class='ocrx_word' id='word_1_135' title='bbox 1006 2202 1187 2299; x_wconf 89' lang='lat' dir='ltr'>superiore</span> <span class='ocrx_word' id='word_1_136' title='bbox 1206 2204 1422 2298; x_wconf 90' lang='lat' dir='ltr'>Germania,</span> <span class='ocrx_word' id='word_1_137' title='bbox 1441 2210 1771 2306; x_wconf 79' lang='lat' dir='ltr'>Argentoratenſsum</span> 
     </span>
     <span class='ocr_line' id='line_1_18' title="bbox 453 2299 1769 2402; baseline 0.003 -24"><span class='ocrx_word' id='word_1_138' title='bbox 453 2304 493 2378; x_wconf 87' lang='lat'>&amp;</span> <span class='ocrx_word' id='word_1_139' title='bbox 522 2309 723 2400; x_wconf 81' lang='lat' dir='ltr'>Ulmenfium</span> <span class='ocrx_word' id='word_1_140' title='bbox 744 2301 928 2399; x_wconf 76' lang='lat' dir='ltr'>praecipue</span> <span class='ocrx_word' id='word_1_141' title='bbox 950 2299 1150 2395; x_wconf 70' lang='lat' dir='ltr'>Dostores,</span> <span class='ocrx_word' id='word_1_142' title='bbox 1177 2303 1430 2397; x_wconf 82' lang='lat' dir='ltr'>Orcolampadio</span> <span class='ocrx_word' id='word_1_143' title='bbox 1449 2305 1486 2377; x_wconf 72' lang='grc' dir='ltr'>ὃ(</span> <span class='ocrx_word' id='word_1_144' title='bbox 1506 2306 1677 2402; x_wconf 85' lang='lat' dir='ltr'>Zwr&#39;nglr&#39;o</span> <span class='ocrx_word' id='word_1_145' title='bbox 1692 2331 1769 2382; x_wconf 89' lang='lat' dir='ltr'>ma·</span> 
     </span>
     <span class='ocr_line' id='line_1_19' title="bbox 451 2399 1769 2500; baseline 0.006 -28"><span class='ocrx_word' id='word_1_146' title='bbox 451 2403 509 2499; x_wconf 88' lang='lat' dir='ltr'>gis</span> <span class='ocrx_word' id='word_1_147' title='bbox 535 2401 654 2475; x_wconf 86' lang='lat' dir='ltr'>favere</span> <span class='ocrx_word' id='word_1_148' title='bbox 680 2401 788 2500; x_wconf 71' lang='lat' dir='ltr'>quim</span> <span class='ocrx_word' id='word_1_149' title='bbox 818 2399 905 2491; x_wconf 84' lang='lat' dir='ltr'>fibi,</span> <span class='ocrx_word' id='word_1_150' title='bbox 940 2401 976 2473; x_wconf 91' lang='lat' dir='ltr'>in</span> <span class='ocrx_word' id='word_1_151' title='bbox 1004 2400 1085 2491; x_wconf 91' lang='lat' dir='ltr'>illa,</span> <span class='ocrx_word' id='word_1_152' title='bbox 1121 2422 1202 2497; x_wconf 85' lang='lat' dir='ltr'>quae</span> <span class='ocrx_word' id='word_1_153' title='bbox 1222 2419 1323 2474; x_wconf 90' lang='lat' dir='ltr'>tanta</span> <span class='ocrx_word' id='word_1_154' title='bbox 1337 2425 1421 2473; x_wconf 91' lang='lat' dir='ltr'>cum</span> <span class='ocrx_word' id='word_1_155' title='bbox 1440 2402 1640 2476; x_wconf 89' lang='lat' dir='ltr'>animorum</span> <span class='ocrx_word' id='word_1_156' title='bbox 1660 2407 1769 2480; x_wconf 88' lang='lat' dir='ltr'>vehe-</span> 
     </span>
     <span class='ocr_line' id='line_1_20' title="bbox 452 2494 1770 2600; baseline 0.004 -28"><span class='ocrx_word' id='word_1_157' title='bbox 452 2502 588 2574; x_wconf 87' lang='lat' dir='ltr'>mentia</span> <span class='ocrx_word' id='word_1_158' title='bbox 624 2521 702 2573; x_wconf 90' lang='lat' dir='ltr'>tum</span> <span class='ocrx_word' id='word_1_159' title='bbox 738 2498 942 2597; x_wconf 83' lang='lat' dir='ltr'>agitabatur</span> <span class='ocrx_word' id='word_1_160' title='bbox 967 2494 1210 2571; x_wconf 73' lang='lat' dir='ltr'>controversa</span> <span class='ocrx_word' id='word_1_161' title='bbox 1238 2498 1545 2589; x_wconf 77' lang='lat' dir='ltr'>Sacramentaria;</span> <span class='ocrx_word' id='word_1_162' title='bbox 1586 2500 1644 2577; x_wconf 88' lang='lat' dir='ltr'>Ut</span> <span class='ocrx_word' id='word_1_163' title='bbox 1667 2500 1770 2600; x_wconf 72' lang='lat' dir='ltr'>sand,</span> 
     </span>
    </p>
   </div>
   <div class='ocr_carea' id='block_1_3' title="bbox 338 2593 1769 2698">
    <p class='ocr_par' dir='ltr' id='par_1_5' title="bbox 338 2593 1769 2698">
     <span class='ocr_line' id='line_1_21' title="bbox 338 2593 1769 2698; baseline 0.003 -26"><span class='ocrx_word' id='word_1_164' title='bbox 338 2645 347 2660; x_wconf 83' lang='lat'><strong>·</strong></span> <span class='ocrx_word' id='word_1_165' title='bbox 453 2598 553 2698; x_wconf 92' lang='lat' dir='ltr'>quod</span> <span class='ocrx_word' id='word_1_166' title='bbox 578 2594 599 2670; x_wconf 74' lang='lat' dir='ltr'>a</span> <span class='ocrx_word' id='word_1_167' title='bbox 627 2598 835 2695; x_wconf 87' lang='lat' dir='ltr'>quibusdam</span> <span class='ocrx_word' id='word_1_168' title='bbox 864 2618 983 2671; x_wconf 89' lang='lat' dir='ltr'>tamen</span> <span class='ocrx_word' id='word_1_169' title='bbox 999 2595 1051 2671; x_wconf 89' lang='lat' dir='ltr'>est</span> <span class='ocrx_word' id='word_1_170' title='bbox 1070 2593 1226 2689; x_wconf 67' lang='lat' dir='ltr'>fabium,</span> <span class='ocrx_word' id='word_1_171' title='bbox 1251 2620 1343 2693; x_wconf 91' lang='lat' dir='ltr'>opus</span> <span class='ocrx_word' id='word_1_172' title='bbox 1361 2620 1435 2669; x_wconf 93' lang='lat' dir='ltr'>non</span> <span class='ocrx_word' id='word_1_173' title='bbox 1453 2597 1573 2674; x_wconf 79' lang='lat' dir='ltr'>fuisset</span> <span class='ocrx_word' id='word_1_174' title='bbox 1591 2600 1671 2675; x_wconf 86' lang='lat' dir='ltr'>lraec</span> <span class='ocrx_word' id='word_1_175' title='bbox 1689 2601 1769 2678; x_wconf 89' lang='lat' dir='ltr'>Lu·</span> 
     </span>
    </p>
   </div>
   <div class='ocr_carea' id='block_1_4' title="bbox 380 2692 1774 3870">
    <p class='ocr_par' dir='ltr' id='par_1_6' title="bbox 380 2692 1774 3870">
     <span class='ocr_line' id='line_1_22' title="bbox 453 2692 1770 2798; baseline 0.004 -28"><span class='ocrx_word' id='word_1_176' title='bbox 453 2696 548 2771; x_wconf 88' lang='lat' dir='ltr'>theri</span> <span class='ocrx_word' id='word_1_177' title='bbox 575 2700 623 2770; x_wconf 86' lang='lat' dir='ltr'>ad</span> <span class='ocrx_word' id='word_1_178' title='bbox 636 2697 784 2795; x_wconf 85' lang='lat' dir='ltr'>schisma</span> <span class='ocrx_word' id='word_1_179' title='bbox 802 2699 986 2793; x_wconf 81' lang='lat' dir='ltr'>fovendum</span> <span class='ocrx_word' id='word_1_180' title='bbox 1012 2692 1181 2787; x_wconf 79' lang='lat' dir='ltr'>consilia,</span> <span class='ocrx_word' id='word_1_181' title='bbox 1215 2718 1296 2791; x_wconf 81' lang='lat' dir='ltr'>quae</span> <span class='ocrx_word' id='word_1_182' title='bbox 1324 2719 1450 2791; x_wconf 88' lang='lat' dir='ltr'>parum</span> <span class='ocrx_word' id='word_1_183' title='bbox 1478 2698 1589 2772; x_wconf 88' lang='lat' dir='ltr'>laudis</span> <span class='ocrx_word' id='word_1_184' title='bbox 1615 2698 1770 2798; x_wconf 89' lang='lat' dir='ltr'>habent,</span> 
     </span>
     <span class='ocr_line' id='line_1_23' title="bbox 380 2790 1773 2895; baseline 0.004 -27"><span class='ocrx_word' id='word_1_185' title='bbox 380 2823 383 2827; x_wconf 91' lang='lat'>·</span> <span class='ocrx_word' id='word_1_186' title='bbox 452 2795 512 2868; x_wconf 83' lang='lat' dir='ltr'>vel</span> <span class='ocrx_word' id='word_1_187' title='bbox 538 2795 679 2869; x_wconf 89' lang='lat' dir='ltr'>laudare</span> <span class='ocrx_word' id='word_1_188' title='bbox 698 2797 778 2889; x_wconf 88' lang='lat' dir='ltr'>(b),</span> <span class='ocrx_word' id='word_1_189' title='bbox 810 2795 868 2866; x_wconf 90' lang='lat' dir='ltr'>vel</span> <span class='ocrx_word' id='word_1_190' title='bbox 883 2794 1079 2884; x_wconf 86' lang='lat' dir='ltr'>extollere,</span> <span class='ocrx_word' id='word_1_191' title='bbox 1105 2792 1216 2865; x_wconf 86' lang='lat' dir='ltr'>velia</span> <span class='ocrx_word' id='word_1_192' title='bbox 1236 2790 1412 2890; x_wconf 80' lang='lat' dir='ltr'>singulare</span> <span class='ocrx_word' id='word_1_193' title='bbox 1428 2814 1682 2895; x_wconf 86' lang='lat' dir='ltr'>argumentum</span> <span class='ocrx_word' id='word_1_194' title='bbox 1702 2803 1773 2873; x_wconf 88' lang='lat' dir='ltr'>zeli</span> 
     </span>
     <span class='ocr_line' id='line_1_24' title="bbox 451 2886 1771 2990; baseline 0.001 -25"><span class='ocrx_word' id='word_1_195' title='bbox 451 2894 530 2988; x_wconf 83' lang='lat' dir='ltr'>ejus</span> <span class='ocrx_word' id='word_1_196' title='bbox 565 2892 773 2979; x_wconf 76' lang='lat' dir='ltr'>adducere3</span> <span class='ocrx_word' id='word_1_197' title='bbox 818 2891 946 2984; x_wconf 83' lang='lat' dir='ltr'>Qrum</span> <span class='ocrx_word' id='word_1_198' title='bbox 977 2915 1041 2987; x_wconf 91' lang='lat' dir='ltr'>per</span> <span class='ocrx_word' id='word_1_199' title='bbox 1067 2886 1295 2963; x_wconf 83' lang='lat' dir='ltr'>tristissimam</span> <span class='ocrx_word' id='word_1_200' title='bbox 1321 2890 1771 2990; x_wconf 84' lang='lat' dir='ltr'>constet&#39;experientiam,</span> 
     </span>
     <span class='ocr_line' id='line_1_25' title="bbox 453 2986 1769 3087; baseline 0.004 -27"><span class='ocrx_word' id='word_1_201' title='bbox 453 3013 560 3087; x_wconf 89' lang='lat' dir='ltr'>quarn</span> <span class='ocrx_word' id='word_1_202' title='bbox 580 2989 615 3061; x_wconf 94' lang='lat' dir='ltr'>id</span> <span class='ocrx_word' id='word_1_203' title='bbox 633 3012 739 3060; x_wconf 89' lang='lat' dir='ltr'>omne</span> <span class='ocrx_word' id='word_1_204' title='bbox 758 2990 794 3058; x_wconf 93' lang='lat' dir='ltr'>in</span> <span class='ocrx_word' id='word_1_205' title='bbox 812 2987 869 3059; x_wconf 91' lang='lat' dir='ltr'>sua</span> <span class='ocrx_word' id='word_1_206' title='bbox 886 2986 1079 3061; x_wconf 86' lang='lat' dir='ltr'>commoda</span> <span class='ocrx_word' id='word_1_207' title='bbox 1096 2989 1309 3083; x_wconf 83' lang='lat' dir='ltr'>arripuerint</span> <span class='ocrx_word' id='word_1_208' title='bbox 1323 2988 1532 3083; x_wconf 87' lang='lat' dir='ltr'>Pontificii,</span> <span class='ocrx_word' id='word_1_209' title='bbox 1550 2990 1633 3087; x_wconf 85' lang='lat' dir='ltr'>qui,</span> <span class='ocrx_word' id='word_1_210' title='bbox 1651 2993 1706 3063; x_wconf 93' lang='lat' dir='ltr'>uti</span> <span class='ocrx_word' id='word_1_211' title='bbox 1723 2994 1769 3065; x_wconf 94' lang='lat' dir='ltr'>il·</span> 
     </span>
     <span class='ocr_line' id='line_1_26' title="bbox 452 3084 1767 3181; baseline 0.003 -24"><span class='ocrx_word' id='word_1_212' title='bbox 452 3084 516 3162; x_wconf 90' lang='lat' dir='ltr'>lud</span> <span class='ocrx_word' id='word_1_213' title='bbox 531 3085 716 3166; x_wconf 71' lang='lat' dir='ltr'>Dividi&amp;</span> <span class='ocrx_word' id='word_1_214' title='bbox 728 3086 862 3177; x_wconf 83' lang='lat' dir='ltr'>Impera</span> <span class='ocrx_word' id='word_1_215' title='bbox 874 3086 951 3181; x_wconf 85' lang='lat' dir='ltr'>jam</span> <span class='ocrx_word' id='word_1_216' title='bbox 969 3102 1046 3158; x_wconf 90' lang='lat' dir='ltr'>tunr</span> <span class='ocrx_word' id='word_1_217' title='bbox 1065 3086 1297 3181; x_wconf 86' lang='lat' dir='ltr'>adamabant,</span> <span class='ocrx_word' id='word_1_218' title='bbox 1322 3087 1372 3161; x_wconf 87' lang='lat' dir='ltr'>ita</span> <span class='ocrx_word' id='word_1_219' title='bbox 1389 3089 1487 3159; x_wconf 91' lang='lat' dir='ltr'>omni</span> <span class='ocrx_word' id='word_1_220' title='bbox 1506 3088 1637 3159; x_wconf 87' lang='lat' dir='ltr'>virium</span> <span class='ocrx_word' id='word_1_221' title='bbox 1658 3111 1767 3161; x_wconf 90' lang='lat' dir='ltr'>cona·</span> 
     </span>
     <span class='ocr_line' id='line_1_27' title="bbox 452 3178 1771 3281; baseline 0.005 -26"><span class='ocrx_word' id='word_1_222' title='bbox 452 3182 550 3255; x_wconf 92' lang='lat' dir='ltr'>mine</span> <span class='ocrx_word' id='word_1_223' title='bbox 576 3180 612 3254; x_wconf 95' lang='lat' dir='ltr'>id</span> <span class='ocrx_word' id='word_1_224' title='bbox 639 3208 658 3254; x_wconf 88' lang='lat' dir='ltr'>a</span> <span class='ocrx_word' id='word_1_225' title='bbox 686 3178 814 3274; x_wconf 86' lang='lat' dir='ltr'>ebant,</span> <span class='ocrx_word' id='word_1_226' title='bbox 848 3202 890 3255; x_wconf 94' lang='lat' dir='ltr'>ut</span> <span class='ocrx_word' id='word_1_227' title='bbox 916 3182 1093 3256; x_wconf 86' lang='lat' dir='ltr'>Saxonem</span> <span class='ocrx_word' id='word_1_228' title='bbox 1121 3184 1159 3259; x_wconf 91' lang='lat'>&amp;</span> <span class='ocrx_word' id='word_1_229' title='bbox 1184 3184 1282 3259; x_wconf 82' lang='lat' dir='ltr'>alios.</span> <span class='ocrx_word' id='word_1_230' title='bbox 1297 3185 1481 3281; x_wconf 85' lang='lat' dir='ltr'>Principes</span> <span class='ocrx_word' id='word_1_231' title='bbox 1506 3182 1771 3261; x_wconf 58' lang='lat' dir='ltr'>&amp;Civitatibus</span> 
     </span>
     <span class='ocr_line' id='line_1_28' title="bbox 451 3204 1772 3381; baseline 0.005 -28"><span class='ocrx_word' id='word_1_232' title='bbox 451 3279 624 3379; x_wconf 89' lang='lat' dir='ltr'>Imperii,</span> <span class='ocrx_word' id='word_1_233' title='bbox 652 3204 852 3378; x_wconf 53' lang='lat' dir='ltr'>{vangelio</span> <span class='ocrx_word' id='word_1_234' title='bbox 869 3278 1041 3374; x_wconf 79' lang='lat' dir='ltr'>addidlis,</span> <span class='ocrx_word' id='word_1_235' title='bbox 1065 3282 1297 3374; x_wconf 84' lang='lat' dir='ltr'>dirimerent,</span> <span class='ocrx_word' id='word_1_236' title='bbox 1315 3306 1361 3355; x_wconf 91' lang='lat' dir='ltr'>ne</span> <span class='ocrx_word' id='word_1_237' title='bbox 1376 3304 1446 3378; x_wconf 90' lang='lat' dir='ltr'>qua</span> <span class='ocrx_word' id='word_1_238' title='bbox 1461 3278 1547 3353; x_wconf 77' lang='lat' dir='ltr'>esset</span> <span class='ocrx_word' id='word_1_239' title='bbox 1564 3282 1658 3354; x_wconf 90' lang='lat' dir='ltr'>inter</span> <span class='ocrx_word' id='word_1_240' title='bbox 1676 3282 1772 3381; x_wconf 72' lang='lat' dir='ltr'>ipsos</span> 
     </span>
     <span class='ocr_line' id='line_1_29' title="bbox 453 3376 1530 3471; baseline -0.005 -17"><span class='ocrx_word' id='word_1_241' title='bbox 453 3378 686 3455; x_wconf 77' lang='lat' dir='ltr'>consiliorum</span> <span class='ocrx_word' id='word_1_242' title='bbox 707 3379 1022 3471; x_wconf 80' lang='lat' dir='ltr'>communicatio,</span> <span class='ocrx_word' id='word_1_243' title='bbox 1041 3403 1102 3455; x_wconf 88' lang='lat' dir='ltr'>aut</span> <span class='ocrx_word' id='word_1_244' title='bbox 1120 3381 1317 3455; x_wconf 86' lang='lat' dir='ltr'>voluntatis</span> <span class='ocrx_word' id='word_1_245' title='bbox 1335 3376 1530 3451; x_wconf 80' lang='lat' dir='ltr'>consensio.</span> 
     </span>
     <span class='ocr_line' id='line_1_30' title="bbox 498 3475 1774 3574; baseline 0 -19"><span class='ocrx_word' id='word_1_246' title='bbox 498 3476 780 3555; x_wconf 78' lang='lat' dir='ltr'>PHILIPPU&#39;S</span> <span class='ocrx_word' id='word_1_247' title='bbox 809 3498 936 3551; x_wconf 89' lang='lat' dir='ltr'>tamen.</span> <span class='ocrx_word' id='word_1_248' title='bbox 952 3481 1078 3572; x_wconf 83' lang='lat' dir='ltr'>Hafflae</span> <span class='ocrx_word' id='word_1_249' title='bbox 1106 3478 1375 3574; x_wconf 80' lang='lat' dir='ltr'>Landgraviut,</span> <span class='ocrx_word' id='word_1_250' title='bbox 1410 3475 1646 3551; x_wconf 88' lang='lat' dir='ltr'>immortalem</span> <span class='ocrx_word' id='word_1_251' title='bbox 1668 3481 1774 3555; x_wconf 88' lang='lat' dir='ltr'>ineo</span> 
     </span>
     <span class='ocr_line' id='line_1_31' title="bbox 450 3570 1774 3675; baseline 0.002 -25"><span class='ocrx_word' id='word_1_252' title='bbox 450 3578 666 3675; x_wconf 85' lang='lat' dir='ltr'>promeritus</span> <span class='ocrx_word' id='word_1_253' title='bbox 692 3574 858 3670; x_wconf 89' lang='lat' dir='ltr'>laudem,</span> <span class='ocrx_word' id='word_1_254' title='bbox 890 3577 944 3650; x_wconf 83' lang='lat' dir='ltr'>his</span> <span class='ocrx_word' id='word_1_255' title='bbox 971 3577 1055 3675; x_wconf 77' lang='lat' dir='ltr'>ipsis</span> <span class='ocrx_word' id='word_1_256' title='bbox 1073 3575 1298 3652; x_wconf 86' lang='lat' dir='ltr'>clandestinis</span> <span class='ocrx_word' id='word_1_257' title='bbox 1314 3570 1774 3653; x_wconf 74' lang='lat' dir='ltr'>Pontificiorumconsrliia</span> 
     </span>
     <span class='ocr_line' id='line_1_32' title="bbox 1639 3679 1768 3752; baseline -0.016 -1"><span class='ocrx_word' id='word_1_258' title='bbox 1639 3680 1676 3752; x_wconf 73' lang='lat' dir='ltr'>dc</span> <span class='ocrx_word' id='word_1_259' title='bbox 1697 3679 1768 3750; x_wconf 91' lang='lat' dir='ltr'>im·</span> 
     </span>
     <span class='ocr_line' id='line_1_33' title="bbox 495 3778 1773 3870; baseline 0.005 -22"><span class='ocrx_word' id='word_1_260' title='bbox 495 3785 546 3865; x_wconf 86' lang='lat' dir='ltr'>(a)</span> <span class='ocrx_word' id='word_1_261' title='bbox 568 3782 632 3846; x_wconf 87' lang='lat' dir='ltr'>vid.</span> <span class='ocrx_word' id='word_1_262' title='bbox 652 3778 991 3854; x_wconf 85' lang='lat' dir='ltr'><strong>SECKENDORF.</strong></span> <span class='ocrx_word' id='word_1_263' title='bbox 1016 3784 1089 3851; x_wconf 78' lang='lat' dir='ltr'>Lib·</span> <span class='ocrx_word' id='word_1_264' title='bbox 1109 3786 1153 3850; x_wconf 80' lang='lat' dir='ltr'>ll&#39;.</span> <span class='ocrx_word' id='word_1_265' title='bbox 1177 3808 1206 3870; x_wconf 86' lang='lat' dir='ltr'>p.</span> <span class='ocrx_word' id='word_1_266' title='bbox 1220 3800 1289 3865; x_wconf 85' lang='lat'>139.</span> <span class='ocrx_word' id='word_1_267' title='bbox 1314 3785 1375 3867; x_wconf 86' lang='lat' dir='ltr'>qui</span> <span class='ocrx_word' id='word_1_268' title='bbox 1385 3804 1424 3850; x_wconf 84' lang='lat' dir='ltr'>er</span> <span class='ocrx_word' id='word_1_269' title='bbox 1441 3784 1501 3867; x_wconf 90' lang='lat' dir='ltr'>ipsa</span> <span class='ocrx_word' id='word_1_270' title='bbox 1520 3785 1652 3853; x_wconf 84' lang='lat' dir='ltr'>Lntheri</span> <span class='ocrx_word' id='word_1_271' title='bbox 1668 3809 1773 3854; x_wconf 90' lang='lat' dir='ltr'>manu·</span> 
     </span>
    </p>
   </div>
   <div class='ocr_carea' id='block_1_5' title="bbox 452 3867 1772 4035">
    <p class='ocr_par' dir='ltr' id='par_1_7' title="bbox 452 3867 1772 4035">
     <span class='ocr_line' id='line_1_34' title="bbox 452 3867 1772 3954; baseline 0.001 -20"><span class='ocrx_word' id='word_1_272' title='bbox 452 3868 564 3952; x_wconf 83' lang='lat' dir='ltr'>scripta</span> <span class='ocrx_word' id='word_1_273' title='bbox 588 3867 804 3931; x_wconf 87' lang='lat' dir='ltr'>admonitione</span> <span class='ocrx_word' id='word_1_274' title='bbox 828 3875 974 3953; x_wconf 78' lang='lat' dir='ltr'>quadam</span> <span class='ocrx_word' id='word_1_275' title='bbox 1000 3870 1088 3932; x_wconf 88' lang='lat' dir='ltr'>nobis</span> <span class='ocrx_word' id='word_1_276' title='bbox 1107 3868 1311 3933; x_wconf 84' lang='lat' dir='ltr'>subministrat</span> <span class='ocrx_word' id='word_1_277' title='bbox 1326 3885 1487 3952; x_wconf 81' lang='lat' dir='ltr'>excerpta,</span> <span class='ocrx_word' id='word_1_278' title='bbox 1509 3874 1678 3954; x_wconf 81' lang='lat' dir='ltr'>exquibus</span> <span class='ocrx_word' id='word_1_279' title='bbox 1699 3871 1772 3935; x_wconf 87' lang='lat' dir='ltr'>Lu·</span> 
     </span>
     <span class='ocr_line' id='line_1_35' title="bbox 453 3950 1769 4035; baseline 0.001 -19"><span class='ocrx_word' id='word_1_280' title='bbox 453 3951 528 4017; x_wconf 86' lang='lat' dir='ltr'>theri</span> <span class='ocrx_word' id='word_1_281' title='bbox 553 3950 752 4035; x_wconf 71' lang='lat' dir='ltr'>preposterus</span> <span class='ocrx_word' id='word_1_282' title='bbox 779 3953 808 4017; x_wconf 83' lang='lat' dir='ltr'>dt</span> <span class='ocrx_word' id='word_1_283' title='bbox 835 3975 898 4018; x_wconf 90' lang='lat' dir='ltr'>non</span> <span class='ocrx_word' id='word_1_284' title='bbox 922 3971 1153 4035; x_wconf 89' lang='lat' dir='ltr'>usquequaque</span> <span class='ocrx_word' id='word_1_285' title='bbox 1170 3953 1342 4017; x_wconf 85' lang='lat' dir='ltr'>laudandus</span> <span class='ocrx_word' id='word_1_286' title='bbox 1359 3954 1460 4019; x_wconf 87' lang='lat' dir='ltr'>Zelus</span> <span class='ocrx_word' id='word_1_287' title='bbox 1480 3955 1517 4019; x_wconf 88' lang='lat' dir='ltr'>ad</span> <span class='ocrx_word' id='word_1_288' title='bbox 1536 3959 1670 4031; x_wconf 81' lang='lat' dir='ltr'>oculum</span> <span class='ocrx_word' id='word_1_289' title='bbox 1688 3973 1769 4017; x_wconf 93' lang='lat' dir='ltr'>con·</span> 
     </span>
    </p>
   </div>
   <div class='ocr_carea' id='block_1_6' title="bbox 453 4034 1774 4180">
    <p class='ocr_par' dir='ltr' id='par_1_8' title="bbox 453 4034 1774 4180">
     <span class='ocr_line' id='line_1_36' title="bbox 453 4034 1774 4180; baseline -0.002 -78"><span class='ocrx_word' id='word_1_290' title='bbox 453 4035 595 4119; x_wconf 89' lang='lat' dir='ltr'>spicitur,</span> <span class='ocrx_word' id='word_1_291' title='bbox 614 4034 726 4180; x_wconf 82' lang='lat' dir='ltr'>quibus</span> <span class='ocrx_word' id='word_1_292' title='bbox 744 4036 886 4122; x_wconf 88' lang='lat' dir='ltr'>deinceps</span> <span class='ocrx_word' id='word_1_293' title='bbox 898 4038 956 4103; x_wconf 88' lang='lat' dir='ltr'>Vir</span> <span class='ocrx_word' id='word_1_294' title='bbox 972 4035 1228 4119; x_wconf 79' lang='lat' dir='ltr'>prudentissimus</span> <span class='ocrx_word' id='word_1_295' title='bbox 1238 4037 1415 4121; x_wconf 86' lang='lat' dir='ltr'>subjungit:</span> <span class='ocrx_word' id='word_1_296' title='bbox 1434 4036 1485 4100; x_wconf 88' lang='lat' dir='ltr'>De</span> <span class='ocrx_word' id='word_1_297' title='bbox 1493 4041 1647 4102; x_wconf 84' lang='lat' dir='ltr'>rationum</span> <span class='ocrx_word' id='word_1_298' title='bbox 1656 4035 1774 4100; x_wconf 78' lang='lat' dir='ltr'>harum</span> 
     </span>
    </p>
   </div>
   <div class='ocr_carea' id='block_1_7' title="bbox 452 4118 1775 4377">
    <p class='ocr_par' dir='ltr' id='par_1_9' title="bbox 452 4118 1775 4377">
     <span class='ocr_line' id='line_1_37' title="bbox 452 4118 1772 4208; baseline 0.002 -26"><span class='ocrx_word' id='word_1_299' title='bbox 452 4136 600 4183; x_wconf 86' lang='lat' dir='ltr'>momento</span> <span class='ocrx_word' id='word_1_300' title='bbox 637 4122 664 4181; x_wconf 84' lang='lat' dir='ltr'>ic</span> <span class='ocrx_word' id='word_1_301' title='bbox 681 4144 739 4182; x_wconf 86' lang='lat' dir='ltr'>non</span> <span class='ocrx_word' id='word_1_302' title='bbox 757 4123 911 4208; x_wconf 78' lang='lat' dir='ltr'>disquiro,</span> <span class='ocrx_word' id='word_1_303' title='bbox 933 4120 973 4196; x_wconf 48' lang='grc' dir='ltr'>Β</span> <span class='ocrx_word' id='word_1_304' title='bbox 990 4120 1065 4183; x_wconf 86' lang='lat' dir='ltr'>alibi</span> <span class='ocrx_word' id='word_1_305' title='bbox 1082 4121 1203 4183; x_wconf 83' lang='lat' dir='ltr'>dicendi</span> <span class='ocrx_word' id='word_1_306' title='bbox 1220 4119 1327 4199; x_wconf 84' lang='lat' dir='ltr'>occafio</span> <span class='ocrx_word' id='word_1_307' title='bbox 1344 4124 1478 4186; x_wconf 73' lang='lat' dir='ltr'>dabitur.</span> <span class='ocrx_word' id='word_1_308' title='bbox 1507 4122 1605 4205; x_wconf 84' lang='lat' dir='ltr'>ipsam</span> <span class='ocrx_word' id='word_1_309' title='bbox 1621 4118 1772 4185; x_wconf 82' lang='lat' dir='ltr'>admoni-</span> 
     </span>
     <span class='ocr_line' id='line_1_38' title="bbox 452 4202 1775 4292; baseline 0.001 -23"><span class='ocrx_word' id='word_1_310' title='bbox 452 4204 572 4276; x_wconf 81' lang='lat' dir='ltr'>tionem</span> <span class='ocrx_word' id='word_1_311' title='bbox 590 4202 694 4288; x_wconf 83' lang='lat' dir='ltr'>llngua</span> <span class='ocrx_word' id='word_1_312' title='bbox 712 4203 826 4269; x_wconf 83' lang='lat' dir='ltr'>Germ.</span> <span class='ocrx_word' id='word_1_313' title='bbox 845 4206 988 4290; x_wconf 81' lang='lat' dir='ltr'>scriptam</span> <span class='ocrx_word' id='word_1_314' title='bbox 1005 4203 1419 4272; x_wconf 79' lang='lat' dir='ltr'>exhibetMULLERUS</span> <span class='ocrx_word' id='word_1_315' title='bbox 1432 4208 1483 4271; x_wconf 82' lang='lat' dir='ltr'>lib.</span> <span class='ocrx_word' id='word_1_316' title='bbox 1500 4206 1553 4269; x_wconf 85' lang='lat' dir='ltr'>cit.</span> <span class='ocrx_word' id='word_1_317' title='bbox 1571 4224 1600 4286; x_wconf 88' lang='lat' dir='ltr'>p.</span> <span class='ocrx_word' id='word_1_318' title='bbox 1613 4217 1775 4292; x_wconf 84' lang='lat' dir='ltr'>23o·233..</span> 
     </span>
     <span class='ocr_line' id='line_1_39' title="bbox 494 4285 1752 4377; baseline -0.001 -21"><span class='ocrx_word' id='word_1_319' title='bbox 494 4289 546 4377; x_wconf 73' lang='lat' dir='ltr'>(b),</span> <span class='ocrx_word' id='word_1_320' title='bbox 571 4288 634 4356; x_wconf 89' lang='lat' dir='ltr'>vid.</span> <span class='ocrx_word' id='word_1_321' title='bbox 652 4285 921 4356; x_wconf 78' lang='lat' dir='ltr'><strong>LOESCHER.</strong></span> <span class='ocrx_word' id='word_1_322' title='bbox 938 4290 1019 4360; x_wconf 82' lang='lat' dir='ltr'>Hill.</span> <span class='ocrx_word' id='word_1_323' title='bbox 1036 4288 1127 4359; x_wconf 85' lang='lat' dir='ltr'>Mot.</span> <span class='ocrx_word' id='word_1_324' title='bbox 1145 4289 1255 4359; x_wconf 77' lang='lat' dir='ltr'>Ltul.</span> <span class='ocrx_word' id='word_1_325' title='bbox 1273 4287 1354 4376; x_wconf 79' lang='lat' dir='ltr'>Cap.</span> <span class='ocrx_word' id='word_1_326' title='bbox 1366 4290 1444 4358; x_wconf 87' lang='lat' dir='ltr'>Vll.</span> <span class='ocrx_word' id='word_1_327' title='bbox 1461 4288 1752 4372; x_wconf 74' lang='lat' dir='ltr'>§.1.p.170,171.,</span> 
     </span>
    </p>
   </div>
   <div class='ocr_carea' id='block_1_8' title="bbox 0 0 2226 5150">
    <p class='ocr_par' dir='ltr' id='par_1_10' title="bbox 0 0 2226 5150">
     <span class='ocr_line' id='line_1_40' title="bbox 0 0 2226 5150; baseline 0 1"><span class='ocrx_word' id='word_1_328' title='bbox 0 0 2226 5150; x_wconf 95' lang='lat' dir='ltr'> </span> 
     </span>
    </p>
   </div>
  </div>
 </body>
</html>
