4442 5150
519 641 541 717 8
689 610 1567 755 trrsrottrantamojnt'rr
1660 643 1828 746 Aaou·

519 797 604 870 „ut
622 798 739 851 autem
760 777 781 849 a
799 780 872 851 veri
892 774 1100 876 prosesfione
1119 772 1296 869 discedat,
1323 773 1491 947 fiet&
1511 775 1620 875 posse.
1633 829 1660 870 „
1687 779 1746 852 Ad
1764 805 1828 853 au·

518 875 588 946 lam
609 875 735 948 deinde
753 878 956 948 Romanam
974 871 1121 963 transit,
1139 872 1194 944 uti
1213 892 1345 946 vocant
1355 888 1381 963 ,''·
1422 867 1432 899 ᾖ
1465 875 1656 970 quedicit,
1674 875 1827 948 ellema-

518 973 597 1066 gis,
622 996 727 1070 quam
754 970 823 1045 fuit
842 973 927 1044 olim
948 991 1007 1043 aut
1028 970 1192 1065 Babylon
1208 989 1271 1040 aut
1292 971 1468 1060 Sodoma,
1495 990 1829 1070 corruptam-atque

517 1068 743 1161 sceleratam,
775 1070 872 1142 &ad
893 1069 986 1139 illius
1006 1070 1224 1162 impietatem
1245 1068 1334 1138 nihil
1354 1070 1462 1163 adjici
1482 1067 1600 1161 posse,
1626 1093 1670 1140 ne
1688 1069 1732 1140 ab
1752 1072 1829 1164 ipso
1918 1144 1920 1148 ,

519 1167 662 1259 quidem
694 1164 937 1238 Antichristo:
974 1166 1204 1238 vehementer
1228 1163 1347 1259 itaque
1374 1164 1437 1235 [ὼί
1463 1165 1606 1256 dolere,
1640 1165 1737 1260 quod
1755 1164 1830 1263 ipse

517 1261 622 1353 Leo,
649 1263 749 1336 velut
773 1287 884 1360 agnus
909 1265 1001 1333 inter
1022 1263 1147 1355 lupos,
1177 1258 1225 1330 ibi
1245 1260 1420 1331 versetur:
1456 1260 1640 1357 indignam
1658 1259 1727 1332 esse
1744 1263 1828 1334 Ro·
1925 1288 1931 1295 ·

517 1382 634 1452 nram,
652 1362 712 1432 cui
731 1361 788 1433 vel
803 1357 874 1454 ipse
885 1360 941 1430 vel
953 1355 1060 1454 ipsius
1072 1354 1351 1428 confimilesviti
1362 1357 1447 1427 boni
1461 1357 1693 1453 praesideant:
1714 1359 1829 1432 multa

516 1453 550 1527 se
577 1457 720 1553 quidem
746 1453 936 1553 scripsisse,
964 1477 1044 1548 quae
1069 1452 1111 1525 ad
1130 1451 1304 1524 dodrinae
1323 1455 1523 1548 pertineant
1540 1453 1828 1528 emendationem

516 1574 623 1648 atque
641 1556 750 1645 vitae,
776 1578 848 1625 non
868 1552 963 1647 quod
984 1553 1142 1623 Romam
1162 1549 1269 1621 sanari
1290 1549 1539 1646 possecredat,
1559 1574 1683 1624 verum
1703 1571 1745 1624 ut
1761 1551 1827 1625 sal·
1870 1589 1875 1594 ’

442 1652 457 1675 ”
517 1647 588 1721 tem
609 1651 746 1746 aliquos
763 1650 806 1724 ab
825 1651 888 1723 illo
907 1650 1078 1721 vitiorum
1097 1647 1279 1744 ergastulo
1299 1646 1482 1720 liberaret:
1509 1648 1627 1720 multo
1647 1647 1711 1744 ipfi
1731 1673 1827 1745 prae·
1881 1731 1883 1734 ,

518 1745 628 1838 stare,
666 1748 687 1818 sr
718 1750 774 1819 vel
793 1748 890 1819 tenui
910 1746 1108 1820 sacerdotio
1127 1764 1340 1836 contentus,
1367 1746 1424 1816 vel
1444 1743 1465 1816 ὲ
1482 1743 1550 1818 suis
1569 1747 1685 1841 copiis
1705 1746 1741 1819 ὃ(
1763 1771 1827 1842 pa·

516 1845 675 1914 trimonii
703 1842 932 1915 facultatibus
957 1845 1067 1913 vitam
1088 1843 1278 1930 toleraret,
1304 1840 1552 1913 remotiffimus
1570 1842 1614 1914 ab
1632 1844 1701 1914 illis
1719 1843 1827 1938 pesti·

514 1937 580 2011 bus
609 1941 644 2012 ὅ(
665 1938 956 2029 assentatoribus,
985 1940 1046 2036 qui
1066 1939 1132 2009 suis
1150 1937 1409 2033 cupiditatibus
1428 1939 1464 2009 &
1484 1938 1674 2009 ambitioni
1694 1962 1827 2014 nomen

515 2035 624 2132 ipsius
644 2038 948 2110 &authoritatem
969 2037 1173 2106 obducant:
1206 2085 1232 2124 „
1252 2034 1470 2105 Bernardum
1490 2033 1686 2130 deplorasse
1703 2039 1827 2129 ponti·
1940 2058 1945 2067 ·

515 2185 541 2226 „
562 2133 639 2205 ficis
668 2134 822 2244 Eugepii
848 2133 1117 2223 conditionem,
1151 2151 1260 2222 tunc,
1294 2155 1379 2203 cum
1405 2130 1522 2202 adhuc
1539 2129 1623 2204 esset
1642 2133 1827 2228 aliquanto

512 2234 682 2323 „Roma
709 2255 853 2327 purior:
891 2254 987 2301 nunc
1013 2225 1100 2299 verb
1120 2227 1261 2323 quando
1281 2226 1322 2300 [ιι
1342 2229 1504 2300 omnium
1525 2227 1691 2302 locorum
1712 2233 1828 2305 totius
1921 2319 1923 2323 Ι
1946 2303 1953 2310 ,

514 2329 656 2419 „orbis
683 2349 853 2401 tertarum
882 2324 1069 2399 soediffima
1093 2322 1280 2398 sentina&
1301 2325 1506 2397 inexhausta
1524 2326 1687 2422 quaedam
1708 2328 1827 2400 collu-

513 2474 541 2515 „
562 2428 656 2516 vies,
676 2425 793 2499 multo
811 2423 941 2498 redlius
957 2421 1094 2518 ipsum,
1112 2424 1174 2518 qui
1220 2420 1378 2494 raesrdeat
1390 2422 1462 2515 ibi,
1480 2422 1658 2518 deplorari
1672 2423 1827 2520 posset„

513 2522 621 2596 Hanc
641 2521 708 2596 esse
724 2522 886 2615 causam,
906 2545 971 2596 cur
983 2522 1033 2593 ita
1044 2518 1085 2592 stt
1099 2447 1278 2593 rotrodus:
1299 2521 1477 2615 pertinere
1491 2521 1561 2593 hoc
1575 2545 1648 2594 non
1658 2522 1701 2594 ad
1718 2519 1828 2620 ipsius

513 2621 623 2694 ullam
653 2622 931 2714 contumeliam,
965 2618 1022 2693 sed
1049 2619 1090 2690 ad
1119 2617 1263 2691 salutem
1291 2621 1435 2713 potius,
1462 2618 1498 2692 ὃ(
1519 2622 1717 2714 optandum
1736 2618 1826 2713 esse,

513 2738 555 2790 ut
583 2719 643 2813 qui
671 2718 749 2792 sunt
776 2719 911 2817 ubique
936 2718 1005 2804 viri
1030 2714 1236 2812 praestantes
1264 2716 1409 2884 inpenio
1438 2716 1476 2789 ὅ(
1502 2718 1725 2809 eruditione,
1751 2720 1828 2791 vim

513 2839 657 2887 omnem
678 2818 860 2890 &nervos
878 2815 920 2888 ad
940 2815 989 2887 illi
1047 2813 1201 2887 monstri
1221 2837 1289 2884 con
1308 2836 1407 2885 erant
1421 2817 1753 2910 oppugnationem:
1782 2816 1828 2887 li·
1897 2848 1899 2852 ·

514 2912 617 2985 bellis
642 2916 778 3007 aliquot
806 2916 932 3002 editis,
967 2935 1013 2982 cu
1078 2909 1205 2980 frustra
1231 2908 1263 2977 se
1289 2909 1410 2979 moliri
1430 2912 1588 2999 videret,
1614 2910 1658 2979 ab
1678 2911 1827 3004 incepto

513 3008 664 3079 voluisse
683 3008 868 3099 desistere,
896 3010 931 3077 ὃ(
951 3007 992 3077 iis
1012 3006 1072 3097 qui
1091 3002 1209 3074 secum
1228 3000 1336 3073 essent
1356 3005 1390 3071 in
1409 3004 1532 3074 eodem
1553 3003 1734 3099 collegio,
1755 3006 1827 3078 stu·

453 3111 459 3117 “
515 3103 614 3175 dium
645 3106 681 3175 δε
710 3128 853 3199 operam
872 3124 1015 3174 omnem
1035 3098 1239 3194 impendere
1257 3097 1450 3194 cogitasse:
1477 3122 1600 3171 verum
1621 3120 1709 3173 tunc
1727 3101 1829 3178 fuisse

513 3204 714 3272 excitatum
752 3197 918 3293 Joaimem
943 3200 1108 3286 Eccium,
1153 3195 1212 3289 qui
1242 3192 1396 3287 placidas
1424 3196 1499 3268 illas
1525 3199 1829 3293 cogitationes&

513 3318 679 3393 optatum
699 3299 812 3369 otium
836 3295 899 3366 fibi
920 3290 1059 3389 prorsus
1077 3290 1266 3363 everterit:
1295 3290 1495 3365 institutam
1514 3293 1557 3364 ab
1574 3295 1636 3365 illo
1653 3296 1826 3393 Disputa-

514 3398 649 3468 tionem
679 3414 805 3468 contra
832 3392 984 3464 letalde
1003 3388 1158 3461 odiosam
1178 3390 1215 3461 ὃ(
1234 3412 1372 3481 acrem,
1400 3391 1444 3461 de
1463 3390 1647 3486 pontificis
1665 3396 1826 3468 Romani

514 3495 741 3589 principatu:
770 3515 839 3588 qua
857 3490 1000 3586 quidem
1020 3512 1057 3561 re
1075 3488 1164 3559 nihil
1185 3488 1243 3558 ille
1262 3485 1451 3583 perfecerit
1471 3487 1587 3579 uliud,
1614 3514 1718 3586 quam
1729 3494 1828 3586 quod

512 3592 610 3663 urbis
630 3592 807 3663 Romanae
827 3587 936 3661 scelus
954 3606 1061 3681 atque
1079 3584 1341 3678 turpitudinem
1361 3586 1473 3683 magis
1492 3586 1713 3681 patefecerit.
1740 3590 1828 3664 Post

437 3708 444 3726 ·
512 3688 623 3777 baec,
668 3685 844 3759 astionem
872 3687 969 3758 illam
998 3683 1183 3755 cardinalis
1212 3683 1369 3778 Cajetam'
1396 3686 1516 3778 paucis
1542 3708 1826 3780 commemorat,

512 3784 549 3855 in
576 3784 741 3880 illiusque
769 3806 846 3855 tum
873 3781 1049 3881 potestate
1075 3778 1175 3852 fuisse
1202 3780 1321 3871 dicit,
1356 3780 1491 3853 causam
1520 3805 1764 3880 componere,
1800 3783 1826 3857 [ι

511 3880 698 3958 voluisset:
730 3882 831 3954 Huic
848 3904 960 3979 ergo,
984 3902 1057 3952 non
1078 3875 1141 3950 srbi
1166 3877 1394 3950 tribuendum
1414 3877 1503 3970 esse,
1529 3882 1699 3976 quicquid
1720 3881 1823 3953 abeo

512 4000 675 4075 tempore
712 3978 753 4051 sit
784 4002 906 4052 natum
933 3977 1079 4069 turbae,
1121 3974 1252 4048 venisse
1279 3974 1400 4071 postea
1426 3979 1582 4050 Carvium
1608 3983 1823 4070 Miltitium,

511 4078 572 4173 qui
600 4100 684 4149 cum
712 4078 790 4173 paci
816 4099 1032 4249 mapnopere
1061 4074 1237 4165 studeret,
1272 4074 1466 4170 impeditus
1494 4078 1601 4152 etiam
1628 4075 1735 4155 suerit
1756 4075 1823 4147 im·

512 4177 677 4274 porturis
704 4175 809 4251 Eccii
835 4176 872 4253 di
888 4172 1157 4274 putationibus,
1190 4172 1251 4271 qui
1278 4195 1400 4247 revera
1426 4170 1470 4246 sit
1496 4172 1605 4273 ipfius
1628 4169 1826 4283 hostis,·&

1769 4292 1823 4342 m-
