4442 5150
498 617 522 685 a
691 566 1567 689 Histoninavauonntt
1640 605 1807 708 nmo.

499 737 689 812 Huttenus
716 735 871 809 Lutheri
899 735 970 806 hoc
993 757 1086 806 anno
1112 731 1303 830 susciperet
1328 735 1487 828 ca‘usam,
1515 763 1560 811 ex
1579 764 1685 839 quam
1703 744 1809 819 variis

499 834 545 907 ab
563 860 607 905 eo
624 834 728 907 editis
747 850 845 929 patet
865 830 993 903 libellis
1012 834 1086 922 (a),
1116 854 1188 902 non
1206 829 1374 903 omnibus
1392 854 1511 907 tamen
1530 861 1633 933 aeque
1650 840 1809 934 pruden-

499 934 585 1004 tiam
618 953 679 1004 aut
706 930 944 1004 Christianam
972 926 1180 999 modestiam
1209 927 1433 1022 spirantibus.
1485 933 1564 1027 lpse
1597 935 1809 1011 LUTHE·

499 1027 607 1101 RUS
637 1028 692 1122 (b)
719 1026 762 1099 ad
789 1026 1012 1122 Spalatinum
1040 1025 1109 1096 ita:
1153 1025 1305 1122 „Quid
1333 1027 1519 1102 Huttenus
1545 1051 1667 1125 petat,
1697 1035 1809 1109 vides.

499 1177 526 1218 „
548 1125 697 1198 Nollem
717 1127 753 1194 vi
773 1124 810 1196 St
830 1122 930 1194 caede
949 1145 1015 1217 pro
1036 1121 1237 1218 Evangelio
1255 1129 1403 1215 certari,
1423 1127 1471 1196 ita
1488 1124 1609 1224 scripfi
1627 1130 1670 1200 ad
1689 1130 1809 1204 homi·

498 1273 525 1317 „
545 1247 639 1292 nem.
684 1219 809 1293 Verbo
835 1216 950 1290 vietus
974 1215 1026 1290 est
1050 1220 1225 1310 mundus,
1258 1219 1370 1291 verbo
1397 1221 1531 1294 servata
1554 1225 1605 1295 est
1624 1225 1809 1322 Ecclefia,

497 1371 525 1414 „
543 1322 651 1390 etiam
678 1318 791 1390 verbo
817 1315 1047 1412 reparabitur.
1092 1315 1162 1390 Sed
1191 1316 1229 1390 &
1256 1317 1519 1411 Antichristus,
1548 1341 1590 1394 ut
1613 1319 1685 1396 srne
1701 1349 1810 1399 manu

498 1467 526 1508 „
546 1417 684 1510 coepit,
717 1416 766 1486 ita
794 1411 865 1485 fine
891 1435 998 1484 manu
1024 1431 1232 1484 conteretur
1258 1414 1550 1510 perverbum„
1587 1418 1809 1516 Enimvero,

498 1515 669 1609 Johanm's
686 1509 982 1584 BOTZHEMI
1001 1508 1262 1582 ABSTEMll
1282 1509 1456 1584 Douoris
1470 1515 1507 1588 &
1518 1515 1695 1590 Canonici
1707 1519 1809 1594 Con·

498 1608 693 1683 stantienfis
712 1610 848 1680 Literae
867 1606 909 1677 ad
928 1605 1132 1678 Lutherum
1151 1606 1201 1679 V.
1222 1608 1349 1680 Nonas
1367 1611 1494 1683 Martii
1510 1635 1521 1683 t
1556 1635 1613 1684 ιο.
1631 1614 1810 1691 Constan-

497 1711 547 1781 tia
572 1708 663 1778 datae
685 1707 736 1797 (c)
757 1702 951 1794 testantur,
986 1725 1091 1799 quam
1127 1755 1154 1793 „
1173 1703 1328 1778 Lutheri
1346 1704 1512 1802 scriptae
1542 1729 1603 1782 ent
1622 1713 1813 1806 pharmaca

496 1858 527 1899 „
543 1799 798 1893 efficacissima,
833 1824 914 1896 quae
937 1823 1009 1870 non
1029 1799 1147 1870 literas
1165 1799 1278 1872 solum
1299 1801 1440 1894 sanent,
1465 1803 1523 1876 sed
1542 1807 1579 1878 &
1597 1809 1728 1882 animas
1746 1835 1809 1884 eo·
1909 1810 1911 1814 ’

496 1954 524 1996 ,,
544 1925 644 1992 rum,
670 1901 730 1995 qui
750 1896 978 1995 opinionibus
997 1895 1214 1968 scholasticis
1232 1899 1383 1969 nimium
1403 1899 1570 1972 haetenus
1588 1901 1727 1978 fuerant
1746 1931 1808 1980 va·

497 2051 525 2093 „
544 1998 746 2069 letudinnrii
774 1997 845 2068 &c
865 2046 891 2087 „
935 1993 985 2064 Et
1011 1990 1155 2089 Casparr'
1180 1993 1454 2069 HEDlONIS
1474 2020 1529 2068 rx,
1548 1996 1701 2073 Kalend.
1718 2001 1810 2096 Julii

502 2086 608 2191 ¹l20·
635 2093 768 2166 Bahlca
786 2092 840 2186 (d)
858 2091 899 2161 ad
920 2089 1123 2162 Lutherum
1141 2088 1233 2161 datae
1252 2113 1334 2162 eum
1354 2096 1403 2163 ita
1420 2093 1673 2190 alloquuntur:
1700 2099 1809 2190 „Vi-

496 2193 634 2287 „deo,
668 2189 865 2263 dodlrinam
891 2189 1012 2259 Tuam
1038 2210 1083 2258 ex
1114 2188 1196 2259 Deo
1214 2185 1304 2280 effe,
1331 2187 1473 2263 dillolvi
1492 2215 1565 2263 non
1583 2193 1725 2290 potest,
1752 2198 1807 2270 in·

497 2343 525 2384 „
545 2291 618 2361 dies
643 2286 843 2376 efficacior,
880 2284 1041 2379 quotidie
1068 2287 1203 2356 multos
1226 2284 1407 2360 lucrifacit
1427 2288 1596 2383 Christo,
1622 2291 1810 2368 abducitd

496 2439 524 2482 „
542 2388 661 2478 vitiis,
687 2384 801 2458 afferit
820 2406 914 2454 verae
933 2381 1069 2478 pietati.
1098 2381 1166 2452 Sed
1187 2381 1272 2477 quid
1292 2404 1388 2455 tuam
1407 2409 1525 2479 voco,
1550 2411 1632 2483 quae
1651 2389 1808 2465 Lutheri

496 2538 523 2579 „
543 2509 614 2563 nnn
634 2481 705 2574 est,
731 2478 787 2554 sed
807 2477 954 2553 Christi.
990 2477 1098 2551 Nihil
1116 2479 1208 2549 enim
1228 2477 1356 2572 video,
1382 2482 1480 2578 quod
1498 2508 1570 2555 non
1587 2483 1697 2561 solide
1714 2507 1809 2562 trac·

496 2636 524 2678 „
544 2605 595 2653 tes
619 2585 656 2655 ὅ(
675 2576 821 2652 nervose
838 2602 882 2650 ex
903 2577 1111 2676 Scriptura,
1137 2576 1226 2648 nihil
1244 2577 1343 2675 quod
1360 2605 1433 2654 non
1451 2580 1597 2655 firmum
1615 2608 1661 2658 ex
1680 2583 1807 2661 Verbo

495 2734 524 2777 „
544 2680 616 2752 Dei
636 2679 673 2753 ὅ(
693 2679 969 2750 adamantinum.
987 2728 1015 2769 „
1270 2671 1281 2694 '

543 2791 575 2864 §.
593 2777 644 2850 V.
672 2776 741 2850 Sed
770 2776 974 2866 Lutherus,
1008 2796 1091 2846 cum
1121 2795 1194 2845 non
1213 2770 1325 2846 modo
1344 2774 1535 2864 rescivisset
1553 2778 1708 2853 Eccium
1727 2781 1809 2854 Ro·

398 2865 403 2880 ¹
494 2901 588 2949 mam
609 2873 832 2971 profedlum‚
860 2873 996 2946 coelum
1016 2891 1146 2942 terram
1166 2872 1202 2943 &
1221 2873 1330 2939 maria
1348 2897 1515 2961 movere,
1533 2896 1641 2968 atque
1659 2875 1809 2970 idagere

495 2998 536 3045 ut
566 2973 798 3043 anathematis
830 2966 1015 3038 Pontificii
1040 2962 1177 3033 fulmen
1203 2965 1240 3033 in
1267 2963 1381 3056 ipsum
1408 2966 1638 3058 vibraretur,
1681 2966 1808 3043 verum

496 3071 630 3158 etiam,
665 3088 748 3136 cum
775 3064 817 3134 ad
837 3081 969 3133 tantam
989 3059 1024 3127 in
1042 3056 1075 3128 se
1093 3058 1130 3129 dt
1147 3056 1206 3127 sua
1224 3057 1619 3155 scriptaexsurgentem
1640 3065 1809 3140 multitu·

497 3168 617 3237 dinem
647 3185 717 3230 non
746 3182 869 3255 parum
898 3156 1128 3241 exhorreret,
1164 3177 1207 3223 ne
1225 3153 1402 3226 inauditus
1421 3156 1539 3227 saltem
1560 3158 1809 3258 damnaretur,

496 3262 595 3333 omni
616 3257 690 3332 nisu
711 3257 946 3345 contendere,
964 3272 1119 3340 eumque
1139 3251 1174 3318 in
1194 3248 1324 3340 finem,
1344 3249 1485 3346 primo,
1503 3257 1544 3326 ad
1565 3256 1678 3352 ipsum
1694 3285 1809 3357 nuper

495 3358 648 3433 eledlum
669 3357 926 3454 Imperatorem
945 3346 1808 3458 CAROLUMEpistolamdaredie15.-Janpa·

1742 3482 1808 3552 ru,

479 3598 484 3607 ’
540 3620 589 3697 (ι)
615 3616 697 3682 Sunt
712 3616 796 3680 enlm
814 3628 883 3679 tum
900 3610 1094 3693 pnrlffimom
1111 3607 1293 3757 Mopuntiae
1309 3610 1380 3674 editi
1397 3609 1511 3691 dialogi
1528 3612 1710 3693 limanici,
1750 3636 1808 3684 uos

498 3722 536 3766 cx
556 3702 609 3765 illa
625 3701 760 3765 editione
773 3714 871 3777 1520.
888 3698 990 3761 servo.
1014 3691 1159 3757 Fortuna.
1203 3694 1280 3755 chris
1293 3696 1408 3781 prima.
1432 3693 1535 3758 Febris
1551 3698 1690 3768 fecunda.
1715 3636 1809 3763 θύω

496 3786 648 3849 Romana.
671 3784 870 3869 Inspicienter
886 3781 986 3845 etfim·
1014 3776 1115 3844 Unde
1133 3777 1163 3842 ἃ
1181 3778 1210 3841 V
1215 3782 1255 3842 al.
1274 3777 1291 3843 i
1309 3776 1601 3845 TETELEBEN
1618 3781 1649 3847 in
1659 3779 1755 3869 Epist.
1771 3784 1810 3852 ad

498 3868 577 3934 Alb.
595 3867 830 3951 Mogontinum
847 3888 882 3931 ea
897 3866 936 3929 de
951 3886 984 3928 re
999 3863 1213 3946 conqueritur.

538 3969 592 4049 (b)
619 3966 749 4033 Lutheri
766 3964 861 4048 Epist.
882 3964 1032 4044 h.1521.
1049 3964 1109 4027 dat.
1128 3960 1173 4028 T.
1187 3982 1214 4026 t.
1232 3959 1291 4047 Ep.
1304 3980 1375 4044 232.

497 4065 840 4238 stanni.
858 4062 1380 4233 arnimar.ena

538 4252 591 4334 td)
616 4249 751 4365 unat.
775 4255 844 4359 ¹·‚⁶·
868 4271 898 4336 r·
915 4264 989 4334 433,
1006 4264 1078 4331 434·
