4442 5150
496 650 566 728 2s2
684 625 1067 722 rttsrrortra
1109 638 1547 720 uttaarortttt
1640 649 1807 746 nafq„

495 779 758 874 ecclesiastico,
777 781 895 877 quales
913 775 980 850 esse
998 775 1215 850 definiebant
1229 776 1344 850 causas
1356 778 1663 873 Matrimoniales,
1682 783 1807 857 Sacra·

496 901 724 971 mentorum,
756 881 898 951 Domus
916 874 1137 970 Religiosas,
1160 876 1340 971 Templa,
1368 876 1555 969 Haetesm,
1581 876 1696 950 etsnn.
1723 905 1807 954 cum

497 1004 538 1053 ea
557 1000 675 1068 tamen
694 976 949 1065 reservatione,
975 973 1071 1140 quod
1090 972 1202 1044 causae
1221 977 1495 1046 matrimoniales
1514 977 1611 1070 prius
1628 977 1670 1046 ad
1684 977 1808 1076 Magi·

498 1077 645 1148 stratum
670 1076 812 1146 civilem
841 1071 962 1145 referri
1005 1069 1153 1160 ebeant,
1181 1072 1242 1164 qui
1261 1072 1397 1142 easdem
1418 1073 1561 1145 de'mum
1581 1072 1661 1170 post
1680 1078 1811 1172 cogni·

496 1175 632 1249 tionem
659 1171 772 1244 causae
800 1171 997 1240 institutam
1022 1164 1205 1240 transferat
1224 1167 1265 1238 ad
1288 1167 1577 1262 Ecclesiasticus,
1605 1171 1700 1267 apud
1719 1197 1811 1270 quos

498 1272 618 1344 omnia
635 1270 758 1366 lingua
778 1268 993 1340 Germanica
1010 1284 1082 1335 non
1101 1266 1232 1336 Latina
1250 1263 1317 1354 sint
1335 1268 1545 1363 peragenda.

548 1391 580 1463 5.
608 1368 671 1439 Ne
696 1390 848 1462 unquam
876 1364 940 1436 ulli
967 1362 1275 1459 Indulgentiarum
1299 1363 1468 1461 quaeslori
1488 1365 1548 1437 illa
1566 1364 1807 1465 indulgentia·

498 1489 577 1540 rum
597 1466 807 1537 nundinatio
826 1462 1067 1559 permittatur.

546 1574 581 1637 6.
609 1564 673 1634 Ne
697 1561 856 1632 Pallores
884 1560 978 1649 loci,
1009 1555 1083 1628 ulla
1101 1554 1322 1630 nuisement
1340 1556 1510 1630 reservata
1530 1580 1697 1655 peccata,
1725 1586 1809 1658 quae

497 1661 556 1732 vel
584 1657 604 1729 a
631 1661 755 1754 Papis,
790 1657 847 1728 vel
874 1656 916 1728 ab
945 1653 1155 1749 Episcopis,
1189 1654 1303 1727 soluta
1327 1656 1471 1728 demum
1491 1659 1642 1752 pecunia
1660 1659 1809 1732 relaxati

498 1778 650 1852 queant,
683 1781 724 1826 ac
750 1756 883 1827 remitti
911 1750 1009 1847 posse
1033 1753 1222 1844 dicantur,
1256 1753 1343 1849 quin
1372 1755 1514 1849 potius,
1545 1773 1587 1827 ut
1606 1755 1811 1852 posthabita

498 1857 606 1949 Papae
635 1856 671 1926 ὅ(
701 1852 964 1948 Episcoporum
992 1847 1226 1940 auctoritate,
1256 1851 1366 1944 gratis
1386 1848 1618 1947 remissionem
1638 1875 1810 1950 peccato·

472 2032 477 2039 ,
500 1975 579 2024 rum
597 1953 834 2039 annuncient,
860 1970 971 2040 usque
990 1969 1063 2041 quo
1080 1944 1182 2017 aliter
1200 1971 1240 2018 ea
1256 1947 1300 2020 dc
1317 1971 1354 2019 re
1371 1946 1481 2020 fuerit
1500 1949 1750 2023 constitutum.

486 2091 492 2098 ·
545 2072 582 2141 7.
611 2049 674 2119 Ne
702 2047 830 2118 Curati
857 2066 1010 2138 unquam
1038 2063 1197 2139 aegrotos
1221 2045 1389 2117 adeuntes
1407 2045 1663 2138 adhortentur,
1691 2068 1733 2123 ut
1750 2048 1809 2121 vel

500 2142 566 2235 libi
585 2147 642 2217 vel
660 2143 727 2216 suis
746 2141 923 2215 coenobiis
941 2166 981 2213 ac
1001 2138 1220 2214 monasteriis
1238 2143 1354 2240 legata
1371 2141 1525 2237 faciant,
1550 2164 1611 2217 aut
1628 2144 1809 2219 bonorum

497 2240 870 2316 hae'redesinssituant.

543 2338 582 2412 ⁴8.
609 2340 721 2412 Civili
740 2336 970 2435 Magistratui
988 2353 1029 2408 ut
1043 2335 1107 2428 Jus
1127 2335 1340 2411 reservatum
1359 2357 1521 2432 maneat,
1544 2337 1715 2437 puniendi
1735 2339 1809 2413 Ec·

498 2435 733 2529 eleliasticos,
753 2436 815 2508 ubi
834 2432 1081 2530 deliquissent,
1099 2459 1167 2531 pro
1184 2434 1261 2532 ipso
1279 2434 1400 2508 delini
1418 2438 1570 2531 merito,
1590 2435 1664 2510 imb
1681 2437 1814 2531 etiam,

499 2534 544 2609 ab
570 2533 830 2609 Ecclesiasticis
855 2533 1024 2632 exigendi
1042 2534 1161 2606 omnia
1179 2533 1323 2631 publica
1340 2535 1478 2610 civium
1496 2560 1626 2632 onera,
1652 2533 1810 2635 vesliga·

501 2634 572 2725 lia,
598 2633 755 2728 tributa,
782 2634 855 2709 &o

548 2731 645 2806 Haec
670 2752 744 2805 etat
769 2732 854 2825 illa,
888 2754 993 2827 quam
1022 2750 1099 2804 tum
1127 2727 1345 2804 deliniebant
1371 2728 1629 2825 Reformatio,
1665 2739 1813 2831 (quam,

498 2826 595 2904 forte
614 2829 792 2903 vocabulo
811 2853 856 2902 ex
876 2828 1020 2901 historia
1037 2827 1260 2924 sequentium
1278 2829 1355 2926 e'us
1372 2831 1442 2902 aevi
1461 2850 1665 2928 temporum
1684 2851 1811 2929 peten-

498 2927 548 3018 do
573 2926 669 3000 redii:
687 2927 1004 3024 appellaverimus,
1030 2928 1266 3000 Helvetiorum
1284 2854 1446 3020 interim,
1468 2927 1542 3015 (a))
1569 2926 1647 2999 satis
1665 2952 1817 3020 manca,

498 3020 558 3095 sed
584 3046 664 3119 quae
692 3045 811 3096 tamen
838 3023 904 3120 ipsa
932 3020 1277 3103 Ecclesiasticorum.„
1293 3023 1427 3097 Ordini
1453 3022 1520 3095 suis
1546 3021 1738 3095 Beneficiis
1757 3027 1812 3097 ni-

499 3120 614 3193 mium
642 3141 814 3217 quantum
838 3122 1084 3194 inhaerentiae
1101 3119 1244 3194 addidlo
1260 3144 1332 3194 non
1351 3140 1494 3219 poterat
1511 3145 1585 3193 non
1602 3120 1813 3218 displicere,

465 3234 469 3238 ’
499 3241 616 3314 neque
647 3216 734 3291 verb
761 3220 866 3290 etiam
893 3218 1015 3292 eadem
1042 3217 1085 3291 ab
1112 3219 1278 3292 omnibus
1304 3219 1405 3388 pqpis
1431 3218 1703 3316 recipiebatur,
1746 3220 1811 3293 nist

499 3316 598 3413 quod
624 3314 813 3390 Bernenses
840 3337 958 3390 tamen
983 3315 1131 3389 eandem
1157 3316 1316 3414 sequenti
1369 3318 1455 3390 atim
1475 3341 1568 3390 anuo
1586 3318 1816 3413 receperint,
1913 3344 1921 3352 ·

500 3416 561 3509 ἃ,
580 3414 710 3490 additis
726 3414 938 3515 quibusdam
954 3415 1215 3489 mutationibus
1231 3417 1268 3487 in
1286 3414 1424 3487 ditione
1438 3413 1497 3487 sua
1509 3415 1727 3512 publicarint
1739 3415 1819 3509 (b),

481 3537 585 3611 ‘cum
605 3515 732 3613 reliqui
750 3516 834 3612 pagi
853 3531 1090 3610 provocantes
1108 3513 1150 3586 ad
1162 3513 1378 3591 „Concilium
1397 3514 1629 3611 proximum,
1647 3513 1680 3587 se
1696 3514 1815 3604 eidem

501 3608 677 3708 subjicere
698 3612 946 3687 detrcdiarent.
1754 3706 1813 3780 Ad

543 3887 592 3967 (a)
617 3886 747 3953 Notum
765 3892 806 3955 esi
824 3912 922 3972 qnam
938 3892 1000 3955 stoc
1016 3890 1146 3954 nomine
1160 3887 1329 3953 veniretA.
1344 3888 1434 3970 1548.
1460 3890 1616 3955 Formula
1628 3885 1813 3952 illaEmco·

502 3972 633 4036 dationis
659 3970 901 4055 Ecclefiaslicae,
935 3995 1032 4058 quam
1055 3975 1109 4038 sira
1125 3972 1308 4039 audoritate
1324 3974 1477 4039 conscribi
1491 3973 1619 4053 jusserat
1635 3971 1758 4044 Caesar,
1782 3970 1814 4031 dt

501 4059 551 4122 cui
577 4058 619 4135 is,
648 4077 749 4142 usqne
765 4061 802 4123 ad
821 4059 1008 4123 Concilium
1026 4058 1184 4123 Generale
1200 4058 1325 4138 alligare
1340 4060 1467 4123 volebat
1481 4058 1556 4141 ipsas
1572 4053 1813 4121 Proteslantium

501 4139 722 4223 conscientias,
754 4157 789 4206 ut
806 4143 916 4205 scirent
933 4141 1159 4221 protestantes,
1184 4140 1261 4226 quid
1276 4142 1337 4205 illis
1355 4142 1432 4207 dum
1450 4140 1639 4206 Concilium
1654 4137 1814 4221 protrahe·

499 4225 589 4290 batur
606 4224 718 4307 indies,
762 4244 794 4287 et
812 4224 984 4377 Imperium
1003 4225 1233 4291 Germanicum
1251 4226 1377 4287 interim
1393 4224 1468 4290 esset
1484 4219 1727 4291 observandum.

541 4308 716 4393 nitra
752 4303 849 4375 rut

888 4359 895 4375 .
920 4306 966 4375 T.
984 4308 1010 4375 1.
1033 4330 1064 4394 p.
1081 4310 1154 4393 642.
1172 4309 1219 4394 sq.
1243 4306 1469 4377 RUCHAT.
1489 4308 1540 4375 T.
1556 4308 1583 4375 1.
1605 4325 1636 4392 p.
1653 4305 1726 4390 316.
1742 4304 1791 4388 sll-
1919 4293 1925 4312 '
