4442 5150
1047 524 1172 626 tart

463 657 790 757 mo'Catlrolicoque
802 655 1117 757 Regeaeprincipe
1128 659 1272 758 dignum
1284 656 1356 746 ell,
1384 654 1423 729 in
1434 656 1557 733 nostris
1566 660 1741 740 haeredita·

465 757 523 830 riis
541 758 666 856 regnis,
690 755 888 844 ducatibus,
907 753 1179 850 ditionibusque,
1203 754 1376 850 praecipue
1389 775 1472 826 vero
1488 751 1522 823 in
1534 755 1741 851 Germania,

467 852 598 925 edicere
608 872 710 947 atque
724 849 847 922 sancire
859 849 1019 938 velimus,
1044 866 1084 918 ut
1102 846 1260 920 universa
1274 865 1308 920 et
1322 847 1466 1011 ᾶηιευίε,
1489 870 1568 954 quae
1586 850 1620 921 in
1642 850 1739 927 bulla

463 945 656 1020 sanctitatis
673 949 741 1015 suae
754 943 987 1031 continentur,
1012 940 1269 1032 inviolabiliter,
1292 940 1360 1014 indi
1378 939 1655 1041 pensabrliterque
1669 945 1738 1021 ser.

467 1063 491 1114 v
536 1062 611 1128 tur,
632 1060 666 1112 et
681 1040 714 1109 in
730 1038 781 1110 his
791 1037 948 1110 executio
959 1036 1148 1135 legumque
1157 1036 1314 1109 voluntas
1325 1032 1588 1109 administretur.

492 1064 613 1208 (illst.
638 1134 683 1204 Et
695 1155 890 1228 quanquam
917 1154 978 1203 nos
1001 1154 1074 1203 eam
1091 1130 1379 1219 adhortationem,
1402 1127 1479 1227 post
1495 1129 1628 1204 allatam
1646 1134 1735 1208 Bul.

464 1226 532 1301 lam
545 1225 770 1325 pontificiam,
785 1226 988 1322 tandemque
1000 1223 1103 1322 ipsam
1120 1225 1256 1298 Lurbm
1263 1225 1599 1316 condemnationem,
1610 1227 1643 1298 in
1656 1229 1735 1325 plu-

463 1322 559 1397 ribus
580 1322 775 1396 Germaniae
791 1320 879 1404 ,locis
900 1318 1092 1405 annunciari
1122 1318 1351 1416 celebrarique
1372 1318 1514 1394 fecimus
1536 1320 1678 1416 eiusque
1698 1325 1735 1396 in

462 1416 585 1490 nost-ris
598 1414 812 1490 inferioribus
826 1414 1054 1510 Burgundicis
1068 1412 1285 1508 regionibus,
1305 1438 1344 1486 ac
1358 1411 1542 1521 praesertim
1555 1414 1736 1509 Coloniae,

462 1510 642 1599 Treveris,
656 1508 870 1609 Mogontiae,
883 1507 1006 1580 Leodii
1019 1505 1268 1581 exsecutionem
1277 1505 1673 1606 administrationemque
1686 1510 1735 1586 se·

462 1627 543 1679 uere
561 1604 817 1677 mandavimus:
847 1602 981 1677 interim
1000 1621 1110 1675 tamen
1130 1610 1300 1674 Martinus
1330 1603 1494 1677 Lutlae'rus
1520 1626 1591 1676 non
1621 1604 1736 1678 solum

461 1722 531 1772 non
543 1701 585 1772 ad
597 1700 770 1771 meliorem
782 1695 915 1861 sruqem
932 1694 1099 1792 serecepit
1110 1719 1176 1769 nec
1192 1718 1298 1770 errata
1315 1697 1514 1788 revocavit,
1536 1717 1593 1772 aut
1608 1723 1628 1770 a
1646 1724 1734 1796 pon·

461 1792 566 1867 tificia
578 1792 759 1866 Sandiitate
772 1790 851 1863 abso
865 1790 1032 1880 urionem,
1053 1811 1087 1864 et
1098 1793 1215 1864 rursus
1222 1793 1261 1866 in
1276 1788 1387 1863 sautu
1401 1790 1566 1866 catholica
1591 1793 1729 1867 ecclelia

460 1885 684 1962 :emissionem
707 1886 908 1982 veniamque
929 1885 1071 1980 petit-it,
1097 1909 1220 1958 verum
1233 1888 1336 1960 etiam
1357 1885 1529 1982 depravati
1550 1885 1654 1958 animi
1680 1885 1732 1961 sui

506 1985 694 2078 rversaeque
705 1979 933 2078 intelligentiae
945 1980 1061 2077 plures
1070 1981 1177 2055 malos
1186 1979 1326 2074 ,faunus
1335 2000 1438 2076 atque
1450 1979 1592 2056 effeslus
1602 2004 1666 2054 ceu
1679 2005 1732 2054 ra·

487 2077 554 2150 iose
570 2076 777 2150 manifestam
785 2073 1033 2170 oppressionem
1047 2074 1201 2149 ecclefiae
1212 2077 1420 2165 machinans,
1439 2076 1559 2151 multis
1568 2076 1734 2152 acervatio

460 2171 714 2260 uoluminibus,
735 2193 920 2267 quaecum
937 2170 1128 2244 latinatum
1146 2170 1347 2261 vernacula,
1371 2195 1441 2244 non
1460 2170 1651 2244 recentibus
1669 2194 1730 2243 no·

461 2267 583 2362 uisque
598 2286 746 2353 tantum,
768 2264 824 2336 sed
839 2264 908 2358 jam
927 2262 1011 2336 olim
1032 2287 1104 2360 quo
1130 2288 1175 2338 ue
1193 2263 1379 2362 reprobatis
1394 2263 1594 2342 audioriutte
1614 2266 1732 2340 conci·

459 2359 587 2433 liorum
603 2357 791 2432 haeresibus
808 2356 1091 2452 blasphemiisque
1161 2378 1251 2450 tent,
1264 2383 1288 2431 a
1303 2359 1337 2431 se
1351 2359 1475 2456 genitis
1492 2379 1552 2435 aut
1567 2379 1657 2434 certe
1668 2384 1733 2434 no·

458 2453 553 2526 mine
566 2453 627 2525 suo
638 2451 832 2549 publicatis,
853 2450 1006 2547 quotidie
1016 2448 1195 2546 dissipavit.

510 2548 578 2623 tx.
601 2548 641 2621 ln
656 2547 785 2646 quibus
797 2571 816 2620 a
830 2543 939 2618 sansla
958 2542 1108 2617 Ecclesia
1124 2563 1176 2619 tot
1191 2541 1408 2619 obseruatum
1426 2566 1669 2647 receptumque
1681 2549 1731 2626 se·

457 2643 545 2717 culis
571 2644 696 2743 septem
728 2641 1007 2716 sacramentorum
1037 2662 1247 2731 numerum,
1274 2638 1545 2734 institutionem,
1572 2666 1606 2717 et
1627 2643 1731 2719 usum

458 2736 612 2836 dissipat,
630 2737 817 2827 convellit,
841 2732 991 2809 dcsoedat
1015 2752 1119 2833 atque
1144 2735 1329 2832 pervertit,
1354 2734 1666 2836 indissolubilesque
1681 2738 1731 2813 sa·

455 2834 509 2908 cni
526 2832 731 2906 matrimonii
744 2854 905 2919 canones,
927 2829 1027 2904 variis
1042 2853 1078 2905 et
1094 2830 1308 2903 mirabilibus
1322 2828 1432 2904 modis
1442 2831 1581 2933 indigne
1593 2834 1729 2928 polluit.

458 2925 617 3002 Affirmat
630 2930 709 2999 item
718 2926 859 3014 ,sacram
878 2924 1087 2999 Unilionem
1101 2948 1173 2999 rem
1185 2923 1389 2999 inefficacem
1401 2947 1437 3000 et
1452 2925 1728 3002 commenticiam

459 3024 535 3097 esse.
560 3023 673 3098 Usum
686 3044 844 3117 quoque,
860 3038 893 3092 et
914 3018 1167 3093 inenarrabilem
1185 3018 1408 3093 licrosanslae
1425 3020 1563 3095 Coenae
1581 3020 1728 3095 Domini

456 3117 629 3206 seusium,
652 3117 694 3188 ad
717 3137 845 3186 morem
860 3112 1208 3213 consuetudinemque
1223 3114 1458 3189 Bohemorum
1470 3116 1659 3190 damnatam
1671 3131 1727 3190 ac·⁵

455 3212 675 3287 commodare
690 3209 818 3300 studet,
840 3211 939 3281 Tum
955 3207 1206 3284 Couseslionem
1219 3232 1306 3305 quae
1316 3208 1524 3285 conscientiis
1537 3210 1628 3285 mole
1645 3232 1726 3305 pec·

453 3308 522 3378 cati
550 3305 694 3404 gravatis
723 3304 1023 3399 contaminatisque
1049 3308 1206 3378 omnium
1237 3300 1454 3377 saluberrima
1472 3304 1612 3395 existit,
1640 3303 1728 3376 adeo

457 3398 630 3493 implicare
650 3420 684 3475 et
708 3397 883 3471 involvere
901 3396 1010 3493 coepit
1024 3451 1040 3484 ,
1064 3397 1216 3471 utnulla
1234 3395 1490 3474 fundamentalis
1516 3399 1595 3473 inde
1619 3398 1729 3471 insor-

455 3495 583 3581 matio,
608 3494 703 3566 nulla
727 3493 845 3567 idonea
863 3491 1047 3565 consolatio
1070 3492 1156 3564 sumi
1174 3489 1276 3588 possit
1298 3511 1332 3563 et
1356 3490 1495 3565 hauriri
1544 3491 1724 3566 Postremo

454 3585 604 3658 minatur
620 3588 652 3658 se
666 3612 773 3683 porro
792 3608 845 3661 tot
868 3586 911 3659 de
931 3582 1152 3662 Confessrone
1173 3584 1294 3685 scripta
1308 3584 1539 3683 proditurum,
1563 3586 1639 3659 uati
1657 3586 1727 3661 hoe

455 3680 681 3767 concedatur,
704 3706 773 3755 non
791 3681 901 3756 solum
924 3678 1078 3847 plerique
1090 3705 1135 3755 ex
1147 3680 1270 3755 talibus
1281 3679 1358 3778 ejus.
1369 3676 1492 3754 insanis
1509 3680 1606 3754 libris
1615 3681 1727 3757 dicere

453 3774 521 3850 sint
531 3773 644 3848 ausuri
650 3774 920 3869 ,Conseffionem
932 3776 1017 3849 inuti
1031 3798 1084 3848 em
1096 3798 1130 3851 et
1142 3772 1385 3849 infructuosam
1397 3772 1476 3868 else,
1490 3798 1611 3849 verum
1624 3776 1726 3853 etiam

452 3868 647 3970 paucissimi
667 3868 800 3964 futuri,
820 3871 886 3968 qui·
903 3894 977 3947 nou
994 3870 1182 3967 clamitent,
1206 3868 1606 3969 prorsusaConseffione
1623 3872 1730 3949 absti-

448 3966 620 4044 nendum.
1124 4053 1126 4058 ,
1256 4046 1259 4052 .

460 4097 463 4102 >
1037 4054 1071 4132 E
1095 4080 1121 4166 3
1674 4058 1735 4139 X.
