4442 5150
471 643 636 737 ΔΑΜ.
801 637 842 713 R
890 634 924 709 E
974 634 1016 708 N
1065 635 1103 710 Ο
1155 633 1191 708 V
1241 634 1276 709 A
1325 634 1363 710 T
1413 636 1445 710 Ι.
1711 662 1784 742 275

396 800 399 805 ·
466 824 495 867 „
516 800 573 848 ros
600 771 668 846 else
685 825 711 865 „
738 773 919 844 ominatur
928 802 940 856 3
977 789 1085 864 atque
1106 767 1295 866 deinceps,
1327 820 1355 861 „
1372 771 1410 842 in
1427 768 1541 844 tribus
1561 767 1781 867 potillimum

467 894 718 966 „temporum
755 871 975 966 superiorum
1012 869 1221 950 coecitatem
1256 865 1359 940 fuisse
1390 869 1617 963 conspicuam
1644 872 1777 962 refett5

464 1022 492 1062 „
508 974 614 1064 prima
644 971 678 1039 in
705 993 772 1060 eo,
805 967 902 1065 quod
931 962 1125 1037 a.Clrristo
1151 965 1334 1037 abalienati
1363 965 1580 1040 Pontificem
1608 989 1778 1066 tanquam

464 1119 490 1160 „
510 1068 686 1138 summum
715 1069 750 1136 in
774 1068 876 1137 terris
893 1063 995 1134 Fidei
1013 1060 1227 1134 Christiana:
1247 1062 1412 1135 statorem
1431 1063 1639 1157 coluissent,
1656 1071 1777 1162 secun·

464 1217 491 1258 „
511 1169 548 1238 da
575 1168 609 1236 in
637 1188 704 1255 eo,
739 1163 835 1257 quod
863 1166 898 1233 in
927 1162 1157 1233 Sacramento
1183 1163 1344 1255 corporis
1371 1161 1508 1234 Christi
1528 1164 1603 1234 veri
1620 1168 1776 1243 nominis

464 1262 722 1356 „sacrificium
742 1258 865 1332 offerri
882 1255 1129 1345 credidissent,
1155 1259 1192 1330 ὃ(
1206 1261 1305 1329 tertia
1323 1260 1359 1329 in
1376 1282 1441 1351 eo,
1461 1258 1558 1356 quod
1570 1260 1776 1358 Imaginum

462 1413 489 1455 „
510 1363 546 1432 &
578 1361 761 1430 ldolorum
791 1358 865 1430 usui
891 1355 1072 1428 accubui
1100 1353 1242 1426 fuissent
1267 1354 1422 1442 addicti,
1443 1408 1469 1448 „
1504 1356 1565 1428 De
1575 1366 1684 1452 primo
1702 1361 1775 1456 ita,

464 1509 490 1551 „
510 1459 605 1552 Quis
633 1460 750 1547 enim,
786 1453 930 1543 scribit,
956 1452 1034 1525 satis
1052 1452 1163 1550 digne
1181 1452 1361 1548 explicare
1380 1451 1519 1550 potest,
1545 1477 1676 1550 quanta
1694 1459 1774 1534 haec

463 1559 712 1650 „animorum
743 1555 893 1625 coecitas
920 1550 1050 1641 suerit,
1085 1574 1155 1645 qua
1180 1551 1372 1717 praelligiis
1391 1550 1601 1647 quibusdam
1622 1554 1773 1649 persuasi

462 1705 488 1746 „
512 1654 690 1724 hominem
718 1650 883 1722 miserum
911 1649 948 1721 ὅ(
975 1649 1160 1719 mortalem
1196 1671 1266 1719 oco
1284 1648 1356 1720 Dei
1375 1647 1545 1721 terrestris
1563 1650 1774 1748 habuimus,

461 1770 714 1845 „tantamque
739 1750 853 1822 eidem
882 1745 1081 1844 potentiam
1110 1742 1216 1816 inesse
1242 1747 1477 1838 credidimus,
1503 1767 1545 1819 ut
1563 1749 1651 1821 coeli
1669 1749 1775 1827 srmul

375 1914 390 1925 ,
461 1897 489 1939 ,,
508 1849 546 1920 bc
569 1845 760 1919 inferorum
783 1848 987 1935 Dominus,
1012 1842 1157 1914 illorum
1173 1843 1298 1938 januas
1317 1844 1373 1916 vel
1393 1845 1526 1938 aperiat
1544 1847 1600 1917 vel
1619 1849 1773 1922 conclu·

460 1992 486 2037 ,‚
505 1944 567 2016 dat
592 1968 658 2041 pro
677 1944 739 2017 suo
757 1943 929 2034 arbitrio,
955 1961 1089 2014 tantam
1110 1939 1263 2037 denique
1280 1942 1438 2038 ejusdem
1458 1939 1525 2014 csse
1542 1941 1772 2040 sapientiam,

459 2094 486 2136 ,‚
507 2063 548 2115 ut
574 2043 740 2115 omnibus
768 2041 872 2113 nobis
901 2036 975 2111 imo
1004 2037 1152 2136 posteris
1176 2060 1320 2136 quoque
1336 2063 1378 2112 ea
1395 2036 1587 2112 necessarii>
1604 2040 1772 2118 servanda

456 2192 487 2234 „
508 2138 596 2231 srnt,
616 2164 697 2238 quae
717 2140 760 2212 ab
780 2141 844 2211 illo
864 2137 940 2233 ipso
959 2160 1104 2234 quoque
1122 2140 1233 2208 verbo
1246 2137 1316 2210 Dei
1332 2140 1508 2209 contraria
1517 2137 1769 2238 traduntur?„

459 2239 519 2309 De
535 2239 674 2332 secundo
698 2239 768 2311 ita:
805 2236 951 2330 „Deus
964 2289 1056 2307 .....
1074 2232 1331 2307 sacrosanctum
1350 2237 1513 2331 corporis
1531 2236 1569 2309 ὃ(
1587 2236 1768 2334 sanguinis

457 2386 483 2428 ,‚
503 2332 553 2407 sui
573 2334 828 2409 sacramentum
849 2332 1025 2425 instituit,
1043 2353 1086 2405 ut
1104 2333 1210 2427 hujus
1229 2335 1412 2404 communi
1431 2333 1672 2406 celebratione
1689 2361 1771 2408 om-

455 2486 483 2528 „
503 2458 562 2506 nes
590 2459 653 2505 nos
678 2436 713 2504 in
731 2458 842 2505 unum
863 2455 996 2527 corpus
1014 2432 1338 2525 conjungeremur,
1366 2483 1521 2503 .....
1556 2431 1634 2504 Hic
1652 2454 1771 2508 autem

456 2530 730 2626 „quorundam
757 2527 847 2604 salsb
875 2526 1122 2627 religiosorum
1150 2524 1259 2600 taetro
1285 2525 1352 2602 sese
1370 2527 1527 2621 obtulit,
1555 2553 1636 2627 quae
1654 2530 1771 2605 sacro·

455 2677 485 2721 „
504 2626 661 2699 sandlum
691 2629 778 2701 illud
807 2627 1023 2702 Christiana
1050 2626 1316 2699 communionis
1339 2625 1547 2723 mysterium
1573 2632 1609 2700 in
1635 2627 1770 2702 sacrifi·

455 2726 599 2819 „cium
628 2749 837 2800 convertere
857 2744 985 2798 conata
1002 2724 1074 2816 est,
1102 2721 1179 2796 imb
1198 2724 1401 2815 convertit,
1427 2723 1524 2820 quod
1541 2724 1574 2798 se
1591 2724 1684 2821 ipsos
1701 2750 1769 2823 pto

455 2876 482 2917 „
502 2823 604 2895 nobis
624 2825 661 2898 &
681 2826 837 2920 pcccatis
855 2823 984 2896 nostris
1001 2822 1186 2918 expiandis
1204 2816 1335 2895 offerre
1352 2821 1534 2895 dixerunt.
1552 2872 1580 2914 „
1618 2824 1679 2894 De
1697 2842 1768 2896 trr-

453 2930 502 2995 cio
521 2921 673 3019 denique
692 2924 761 2995 ita:
805 2976 832 3017 „
854 2922 953 2995 Deus
972 2921 1168 3018 imaginum
1190 2921 1227 2994 ἃ
1247 2919 1427 2993 idolorum
1447 2921 1547 2993 usum
1567 2919 1669 2993 simul
1687 2920 1768 2998 cul·

453 3040 651 3119 „tumque
676 3021 812 3095 disertis
831 3021 947 3093 verbis
965 3020 1136 3115 prohibet
1156 3019 1276 3092 Exod.
1294 3019 1388 3093 XX.
1423 3015 1611 3108 Nosuerb
1632 3041 1767 3119 paupe÷

451 3151 481 3212 „
501 3120 597 3193 ribus
625 3120 797 3218 negledlis
826 3120 996 3215 imagines
1021 3142 1152 3219 magno
1178 3120 1296 3217 pretio
1316 3118 1489 3194 &sumtu
1510 3118 1707 3210 finximus,
1731 3118 1771 3192 in
1873 3114 1875 3118 ⁴

453 3224 481 3308 ‘„
502 3216 640 3289 illarum
671 3220 848 3291 culturam
876 3241 916 3289 ea
943 3217 1217 3312 impendentes,
1252 3241 1334 3315 quae
1360 3242 1559 3315 pauperum
1587 3216 1769 3290 alimoniae

452 3367 480 3407 „
500 3314 629 3387 servire
648 3316 838 3388 debebant.
873 3316 1049 3387 Praeterea
1067 3318 1180 3387 camis
1199 3318 1330 3387 nostra:
1345 3314 1668 3410 judiciodecepti,
1694 3334 1769 3388 nou

453 3462 481 3501 „
500 3435 665 3483 veremur
683 3413 823 3504 dicere,
844 3436 907 3486 nos
926 3413 1120 3509 imaginum
1141 3411 1424 3486 consideratione
1442 3437 1514 3484 non
1533 3412 1768 3502 minusquam

453 3558 481 3596 „
501 3504 754 3599 scripturarum
781 3510 946 3584 doctrina
971 3509 1102 3582 erudiri
1131 3510 1204 3583 &o
1223 3562 1250 3602 „
1286 3508 1427 3581 Laudat
1448 3504 1536 3579 verb
1554 3505 1686 3596 etiam,
1713 3505 1769 3578 in·

451 3601 609 3695 ter-iestis
646 3608 855 3701 quibusdam
891 3610 993 3699 aliis,
1037 3605 1246 3704 liggenstum
1268 3602 1473 3703 sapientiam
1501 3604 1633 3700 pariter
1658 3622 1768 3702 atque

454 3700 738 3778 moderationem
758 3707 853 3781 hunc
873 3708 908 3779 in
926 3704 1093 3780 modum:
1129 3758 1156 3799 „
1177 3706 1256 3777 Hac
1274 3729 1362 3801 ergo
1381 3704 1417 3773 in
1437 3728 1473 3775 re
1492 3699 1641 3775 vestram
1660 3701 1767 3779 laudo

450 3854 477 3894 „
498 3797 727 3895 sapientiam,
759 3803 1031 3897 praestantiffimi
1058 3804 1127 3877 viri
1153 3802 1276 3876 fratres
1303 3804 1340 3875 &
1367 3802 1535 3899 concites
1553 3798 1740 3875 charissimi
1750 3855 1766 3896 ,

451 3951 479 3992 „
499 3921 580 3994 quae
601 3918 740 3986 maturo
760 3903 796 3975 &
815 3902 897 3976 vere
918 3902 1123 3977 Christiano
1142 3900 1293 3975 confilio
1312 3900 1519 3997 hujusmodi
1537 3900 1678 3973 technis
1696 3898 1766 3975 sese

449 4050 478 4092 „
502 3995 698 4093 opposuit,
741 4021 806 4071 nec
834 4002 952 4073 voluit
979 4003 1213 4097 permittere,
1247 4017 1289 4071 ut
1315 3996 1416 4070 verbi
1440 3995 1554 4071 divini
1581 4020 1766 4097 praecones

455 4147 482 4187 „
502 4098 661 4192 cujusvis
680 4095 809 4169 scurrae
830 4098 929 4193 impii
951 4098 1188 4172 delationibus
1208 4098 1245 4171 δε
1264 4094 1450 4171 calumniis
1469 4094 1612 4171 lacessiti
1629 4097 1685 4168 vel
1704 4119 1767 4168 ac·

448 4239 479 4283 „
496 4195 626 4290 cusati,
662 4196 850 4283 temerario
869 4196 1012 4293 judicio
1022 4250 1036 4291 ‚
1039 4220 1136 4367 Mnou
1154 4195 1276 4271 audita
1290 4195 1430 4295 plenius
1447 4197 1548 4274 causa
1563 4197 1601 4271 in
1619 4195 1766 4268 vincula

1096 4312 1183 4369 ma.
1630 4313 1765 4387 „cun-
