4442 5150
449 642 614 733 A.r530.
780 625 1492 726 RENOVATI„
1682 653 1756 730 409

447 822 474 865 „
493 764 628 839 sanctos
663 783 730 857 pro
761 757 843 855 ipsis
871 754 1050 853 ploralle,
1093 758 1133 832 δι
1159 755 1290 830 alicubi
1317 759 1542 854 prohibitum
1569 758 1638 838 effe
1662 763 1754 864 legi·

496 886 567 936 tur.

448 918 475 960 ”
496 1013 523 1054 „
543 958 702 1046 Decimi,
728 978 771 1025 an
790 975 910 1024 omnes
928 949 1066 1046 parvuli
1085 950 1332 1046 cujuscunque
1348 954 1486 1047 gentis,
1504 957 1567 1051 qui
1584 981 1656 1030 non
1674 956 1756 1033 l'unt

450 1058 643 1155 „rationis
672 1075 839 1146 capaces,
874 1049 960 1119 fiant
988 1048 1060 1119 Dei
1087 1049 1203 1142 gratid
1232 1049 1268 1121 ὅ(
1289 1049 1424 1119 Christi
1443 1050 1605 1146 paffionis
1624 1058 1756 1128 merito

450 1209 478 1250 „
495 1154 600 1226 salvi:
637 1151 720 1245 quia
744 1147 915 1242 scriptum
943 1143 1014 1215 est:
1044 1145 1158 1216 Sinite
1176 1147 1341 1239 parvulos
1361 1146 1480 1218 venire
1498 1148 1540 1220 ad
1559 1173 1639 1242 me,
1663 1175 1756 1247 qam·
1817 1164 1823 1170 '

450 1306 478 1348 „
498 1253 590 1323 niam
611 1250 733 1320 talium
752 1243 802 1317 est
821 1265 968 1338 regnum
989 1241 1174 1312 caelorum.
1201 1241 1250 1312 Et
1268 1242 1436 1336 econtra,
1454 1268 1497 1315 an
1510 1269 1631 1318 omnes
1647 1251 1758 1319 ratio·

452 1351 553 1445 „nis
585 1366 751 1440 capaces,
785 1363 858 1410 non
883 1338 1050 1410 habentes
1077 1335 1213 1408 Christi
1237 1337 1367 1431 fidem,
1396 1338 1462 1413 sint
1482 1343 1645 1440 reprobi:
1673 1347 1757 1441 quia

451 1499 478 1540 „
498 1445 695 1539 scriptum3
727 1435 793 1508 elle
811 1432 1046 1530 impoffibile,
1074 1433 1234 1514 smefide
1255 1435 1395 1530 placere
1414 1437 1518 1510 Deo:
1547 1438 1663 1535 &qui
1682 1464 1756 1514 non

450 1596 478 1638 „
496 1542 610 1614 credit
638 1537 755 1626 Filio,
782 1556 853 1604 non
873 1531 1029 1604 visurum
1050 1531 1181 1602 vitam:
1209 1529 1265 1603 sed
1285 1532 1358 1604 Dei
1377 1534 1465 1606 iram
1485 1534 1680 1610 mansuram
1698 1536 1756 1609 su·

451 1693 478 1735 „
498 1662 560 1736 per
576 1659 670 1711 eum.
1760 1688 1762 1695 .

500 1787 526 1827 „
546 1733 740 1819 Undecima,
775 1751 818 1798 an
846 1724 1010 1796 mulieres
1029 1724 1200 1818 juvenes,
1227 1725 1500 1821 requirentes&
1518 1729 1680 1802 volentes
1699 1730 1761 1802 vi·-

454 1886 482 1928 „
501 1855 571 1904 tam
595 1832 632 1901 in
650 1825 858 1923 virginitate
875 1845 1000 1916 agere,
1028 1819 1096 1893 smt
1115 1822 1150 1892 in
1167 1820 1377 1917 religionem
1398 1826 1689 1899 introducendas:
1719 1828 1759 1902 ὃς

344 1978 348 1982 -
453 1985 480 2025 ,,
499 1954 541 2002 an
554 1926 783 2000 matrimonia
800 1917 927 2016 pollint
947 1916 1046 1988 licite
1066 1918 1230 1990 contrahi
1249 1922 1284 1990 iu
1303 1919 1468 1994 omnibus
1482 1923 1651 2019 gradibus
1663 1923 1757 1996 inter

452 2082 479 2123 „
500 2024 801 2120 consanguineos,
830 2035 930 2091 extra
948 2014 1051 2107 illos,
1076 2015 1138 2111 qui
1155 2013 1358 2091 scribuntur
1374 2018 1516 2093 decimo
1535 2018 1664 2095 octavo
1684 2019 1763 2108 [οη

498 2146 615 2198 vitici.

434 2179 478 2222 ’”
499 2273 526 2314 ,,
548 2220 694 2312 insuper
711 2213 800 2286 nihil
818 2209 892 2303 est,
911 2209 1009 2307 quod
1028 2212 1140 2307 magis
1159 2235 1223 2285 nos
1241 2211 1437 2285 imbecilles
1456 2214 1671 2307 conturbet,
1690 2239 1761 2289 no„

453 2372 480 2415 „
502 2318 570 2390 st'rzl
585 2337 725 2404 tamen,
742 2331 784 2384 ut
795 2308 998 2477 cognosco,
1018 2308 1241 2404 ignorantia,
1261 2307 1760 2407 quamquodaudivi&apud

454 2470 480 2509 „
500 2408 824 2485 LUTHERUM
856 2407 913 2501 egi
933 2405 977 2476 de
996 2405 1111 2478 libero
1129 2403 1330 2476 arbitrio&
1345 2406 1414 2475 Dei
1435 2407 1760 2499 praedestinatione.

452 2565 481 2608 „
500 2505 743 2583 Credebamus
766 2502 860 2574 enirn
879 2500 1045 2574 omnibus
1062 2501 1195 2595 aliquid
1215 2500 1357 2573 virtutis
1376 2501 1583 2576 naturaliter
1602 2503 1761 2580 inditum

452 2662 481 2703 „
499 2603 567 2679 effe
593 2602 614 2677 a
642 2603 746 2693 Deo,
782 2600 842 2671 cui
870 2617 987 2673 tamen
1017 2599 1097 2695 plus
1124 2597 1161 2670 ὅ(
1180 2598 1240 2670 cui
1260 2599 1395 2673 minus:
1426 2597 1517 2674 sicut
1536 2604 1762 2697 experientia

454 2759 481 2802 „
500 2722 621 2801 patet,
657 2700 838 2773 hominem
866 2694 1010 2770 differre
1028 2694 1076 2769 ab
1096 2695 1259 2774 homine:
1288 2696 1325 2768 &
1346 2694 1435 2768 ficut
1454 2696 1597 2770 videtur
1615 2701 1763 2772 innuere

452 2858 479 2899 „
499 2799 667 2900 parabola
685 2796 728 2869 de
745 2796 908 2868 talentis:
936 2796 972 2867 ὃ(
994 2791 1086 2867 ficut
1103 2794 1212 2865 etiam
1230 2793 1452 2889 experientiis
1470 2793 1655 2887 videmus,
1680 2796 1762 2867 her·

352 2934 355 2940 ¹
455 2954 483 2996 „
503 2901 580 2991 bis,
618 2895 769 2993 plantis,
803 2889 1000 2987 lapidibus,
1035 2892 1246 2987 caeterisque
1273 2891 1438 2964 omnibus
1457 2891 1560 2964 rebus
1579 2890 1682 2964 inesse
1701 2915 1764 2966 na·.

454 3053 480 3095 „
501 2996 661 3071 ruraliter
678 2993 848 3063 virtutem
870 2990 1049 3086 propriam
1067 2985 1089 3060 ai
1107 2988 1191 3061 Deo
1210 2986 1382 3080 inditam,
1402 2990 1473 3086 qui
1491 2988 1533 3062 ad
1551 2988 1664 3063 multa
1681 2990 1765 3087 pos-.

455 3151 482 3192 „
501 3096 592 3168 sunt.
636 3091 696 3165 Sic
724 3084 952 3160 credebamus
980 3087 1140 3160 homines
1168 3084 1341 3181 praedici-l
1369 3086 1484 3159 inditi
1510 3088 1647 3162 virtute
1664 3087 1765 3184 polle

454 3248 481 3289 „
500 3189 656 3289 aliquid,
682 3210 757 3260 eam
777 3204 894 3257 tamen
914 3182 1109 3277 prasertim
1130 3182 1331 3266 stimulante
1350 3183 1386 3260 ὃ(
1404 3184 1587 3260 excitante
1598 3185 1701 3256 Deo:
1720 3204 1765 3257 ut

456 3344 482 3384 „
502 3291 573 3385 ipse
591 3287 728 3384 inquit:
758 3283 858 3377 Egro
877 3278 929 3350 sto
947 3279 989 3350 ad
1007 3280 1137 3353 ostium
1158 3284 1194 3356 ὃ(
1215 3281 1336 3376 pulso:
1366 3285 1402 3357 ὃ(
1423 3282 1606 3355 nolentem
1626 3280 1764 3372 aperire

456 3437 484 3477 „
503 3388 566 3457 itta
585 3388 718 3456 virtute
735 3379 849 3451 inunt
869 3377 906 3449 ὃ(
926 3374 1128 3466 stimulata,
1156 3381 1297 3451 tandem
1316 3401 1549 3473 accepturum
1569 3374 1764 3450 secundum
1865 3415 1868 3420 ·

457 3503 611 3576 „opera
636 3478 705 3552 sua.
749 3474 922 3571 Alioqui,
957 3470 981 3543 st
1003 3471 1050 3544 sic
1067 3495 1139 3544 non
1157 3470 1230 3566 est,
1256 3496 1328 3543 non
1348 3474 1476 3563 video,
1501 3469 1687 3563 quomodo
1706 3491 1766 3545 tot

457 3631 484 3672 „
504 3595 685 3673 pra-cepta
711 3570 976 3648 affirmativa&
994 3570 1183 3667 negativa,
1210 3568 1302 3643 sicut
1320 3567 1476 3665 disputat
1495 3567 1683 3663 Erasmus,
1708 3568 1765 3643 in·

457 3730 483 3771 „
505 3672 619 3767 telligi
641 3671 804 3743 debeant.

503 3824 531 3864 „
552 3771 610 3841 De
629 3765 938 3863 praedestinatione
956 3784 1074 3840 autem
1092 3764 1345 3856 credebamus,
1372 3762 1659 3860 omnipotentem
1680 3764 1763 3839 infi-

458 3926 486 3966 „
504 3866 581 3942 nite
605 3884 686 3938 ante
704 3864 785 3932 caeli
805 3866 841 3938 ὅ(
862 3884 965 3937 terrae
984 3865 1199 3937 creationem
1220 3860 1453 3961 praesciville,
1479 3880 1663 3959 quotquot
1680 3863 1764 3937 salvi

458 4024 484 4064 „
506 3970 543 4041 ὅ(
572 3961 715 4060 reprobi
744 3957 820 4030 lieri
850 3960 1046 4034 debebant:
1083 3984 1225 4032 omnem
1247 3979 1365 4032 tamen
1384 3960 1565 4050 hominem
1584 3958 1703 4033 fecisse
1720 3959 1765 4031 ad

460 4119 487 4161 „
505 4069 616 4137 viram
639 4080 829 4132 aeternam:
858 4057 1028 4152 reprobos
1047 4056 1189 4150 quidem
1210 4054 1287 4130 fieri
1306 4055 1366 4127 suit
1385 4058 1514 4155 culpi:
1538 4057 1572 4129 id
1592 4056 1663 4146 est,
1683 4058 1765 4149 quia

460 4216 487 4259 ‚,
504 4164 697 4239 noluerunt
715 4154 914 4233 obedire&
934 4153 1260 4321 ΓετνκτεΓιηῑειὲἀειῑπ.
1297 4156 1347 4228 At
1357 4206 1370 4247 ,
1388 4152 1550 4260 stiamnia
1566 4149 1784 4227 uecetlitate.

1082 4273 1087 4296 ⁸
1503 4330 1507 4338 .
1577 4329 1580 4334 .
1630 4267 1769 4342 „90¹ss
