4442 5150
512 638 589 735 '300
705 620 1580 705 HISTORIAEVANGELII
1655 629 1825 730 A.1526.

514 757 630 836 soliim
657 759 714 835 sed
741 757 984 836 &foederum
1010 754 1121 827 trium
1148 756 1298 828 comitia
1314 756 1421 829 habet
1438 759 1636 854 ordinaria,
1664 763 1824 838 Rhaeto·

516 883 598 933 rum
624 862 816 950 proceres,
853 859 922 928 five
949 856 1059 926 trium
1078 852 1108 922 F
1111 852 1274 926 oederum
1295 854 1450 928 Ordines
1468 881 1621 931 evocant
1639 863 1828 959 utriusque

517 958 628 1054 partis
647 955 913 1030 Ecclefiasticos
930 951 973 1023 ad
994 949 1284 1045 Disputationem
1305 954 1498 1024 habendam
1518 957 1611 1027 inter
1629 958 1827 1056 Evangeli.

518 1080 582 1128 cos
600 1054 855 1144 Reformatos,
874 1053 910 1124 ὅ(
923 1048 1156 1138 Pontificius,
1177 1069 1217 1118 ut
1235 1051 1279 1121 de
1297 1070 1375 1121 tota
1393 1052 1490 1123 causa
1509 1052 1670 1126 dilucide
1687 1058 1832 1151 possent

518 1153 683 1237 edoceri3
706 1153 792 1223 Erat
811 1147 897 1220 verb
917 1149 995 1217 baec
1011 1143 1092 1237 ipsis
1106 1145 1323 1238 potissimum
1340 1149 1599 1221 subministrata
1608 1153 1751 1226 occasio
1762 1159 1829 1250 (a),

517 1249 614 1346 quod
642 1251 726 1344 Joh.
746 1251 969 1320 Comandrum
996 1250 1008 1332 (
1021 1239 1264 1330 Dorffmann)
1294 1247 1471 1317 Pastorem
1499 1249 1706 1323 Curiensem
1726 1254 1828 1329 ads.

518 1347 743 1438 Martinam,
768 1350 915 1439 eiusque
933 1344 969 1413 in
990 1339 1204 1411 Prol'essione
1216 1342 1404 1439 Evangelii
1422 1344 1536 1417 socios
1551 1369 1642 1443 quos
1656 1351 1730 1444 jam
1741 1376 1829 1446 qua-

517 1445 682 1540 draginta
713 1467 864 1515 numero
892 1460 970 1512 tum
997 1436 1098 1508 suilse
1124 1434 1368 1531 referebatur,
1412 1442 1583 1515 haereseos
1608 1447 1645 1516 in
1672 1448 1831 1542 publicis

516 1542 738 1616 Rhaetorum
759 1539 952 1626 Comitiis,
979 1533 1146 1630 proxime
1162 1555 1243 1607 aute
1261 1538 1429 1609 Natalem
1450 1524 1603 1613 Domini
1614 1545 1709 1616 Anni
1725 1570 1829 1643 1525·

513 1639 752 1731 accusassent,
781 1637 1001 1728 sinislrasque
1018 1633 1062 1702 de
1080 1634 1122 1703 iis
1140 1633 1327 1728 opiniones
1345 1633 1562 1730 sparlilsent,
1582 1641 1637 1711 uti
1650 1643 1827 1739 vidimus,

497 1739 726 1828 ¹Pontificii,
750 1759 792 1807 ac
811 1733 836 1805 sr
857 1731 1001 1805 haereses
1017 1732 1218 1802 excitarent
1237 1729 1317 1822 (b),
1339 1732 1532 1806 seditiones
1547 1760 1758 1835 moverent,
1775 1740 1827 1815 sa·

518 1855 700 1909 cramenta
723 1850 924 1905 everterent
952 1829 1024 1900 &c
1066 1829 1201 1924 quique
1224 1828 1314 1900 adei>
1339 1831 1593 1927 perduellionis
1619 1834 1729 1910 essent
1754 1842 1830 1928 rei3

512 1935 752 2028 Posteaquam
774 1932 868 2000 enim
889 1930 1055 1998 Proceres
1074 1948 1119 1997 ex
1138 1924 1214 2019 ipso
1233 1927 1442 2000 Comandro
1462 1930 1553 2003 hanc
1571 1929 1726 2008 sollicite
1742 1960 1829 2010 cau·

516 2029 587 2103 sarn
616 2025 900 2123 inquisivissent,
936 2024 963 2094 is
988 2021 1049 2093 suo
1077 2024 1114 2094 ὅ(
1141 2023 1411 2118 symmystarum
1441 2030 1587 2100 nomine
1614 2053 1687 2102 non
1712 2028 1829 2107 solum

517 2129 678 2222 graviter
695 2123 888 2197 admodum
907 2121 1057 2193 edocere
1074 2136 1179 2215 quam
1197 2119 1260 2191 soli
1280 2123 1478 2220 Scripturae
1496 2126 1533 2198 S.
1550 2125 1754 2202 austeritati
1770 2130 1832 2206 sua

516 2227 732 2298 inniteretur
756 2219 939 2308 dodlrina,
975 2217 1095 2315 sicque
1122 2218 1161 2292 dt
1187 2218 1358 2293 haereseos
1383 2223 1421 2295 δι
1447 2222 1659 2297 seditionum
1688 2228 1725 2301 ὃ(
1747 2252 1830 2323 per.

519 2323 710 2396 duellionis
738 2321 929 2393 calumnias
955 2314 975 2387 ὲ
1001 2315 1034 2388 se
1060 2317 1223 2409 amoliri,
1256 2316 1314 2389 sed
1339 2320 1377 2392 &
1399 2320 1583 2415 publicam
1602 2322 1831 2420 Disputatio·

517 2445 622 2511 nem,
658 2444 726 2513 qua
752 2420 790 2492 &
817 2417 901 2489 fidei
919 2412 1172 2487 consessionem
1190 2413 1358 2507 reddere,
1385 2418 1422 2491 &
1440 2443 1584 2493 omnem
1604 2419 1675 2494 ase
1691 2421 1832 2523 suisque

518 2519 695 2595 maculam
723 2516 921 2614 abstergere
947 2512 1082 2610 posset,
1107 2533 1310 2608 expeteres
1337 2516 1507 2591 Proceres
1524 2516 1613 2593 verb
1630 2520 1745 2596 eidem
1764 2546 1830 2622 pe·

498 2620 589 2691 vtito
614 2619 833 2713 reliquorum
863 2614 1024 2712 ingratiis
1051 2635 1217 2684 annuere.
1260 2610 1392 2686 Diuus
1416 2617 1448 2687 ei
1467 2614 1671 2692 solennitati
1688 2622 1740 2695 est
1757 2624 1832 2700 dies

516 2714 737 2790 Dominicus
759 2712 840 2810 post
859 2710 1075 2810 Epiphaniae
1094 2708 1245 2799 festum,
1271 2713 1333 2808 qui
1351 2731 1425 2785 erat
1444 2712 1606 2790 decimus
1625 2722 1752 2793 tertius
1768 2722 1831 2815 Ja-

515 2815 654 2900 nuarii3
675 2813 861 2908 ·Johamrer
888 2812 1009 2904 itaque
1036 2807 1364 2883 COMANDER
1390 2811 1527 2885 Theses
1546 2815 1764 2911 conscribit,
1792 2820 1831 2895 &

516 2912 656 3009 publici
680 2912 772 3007 juris
798 2908 907 3001 sacit,
942 2907 986 2978 de
1011 2907 1052 2976 iis
1078 2904 1163 2977 fidei
1182 2905 1383 3001 capitibus,
1410 2909 1447 2980 in
1466 2908 1594 3006 quibus
1612 2913 1828 2988 cardocon·

514 3006 701 3080 troversiae
731 3007 784 3099 (c)
813 3006 904 3078 inter
930 3000 1147 3075 Pontificius
1173 3003 1211 3077 &
1239 3004 1478 3101 Evangelicos
1503 3010 1597 3080 verti
1623 3008 1831 3105 putabatur.

514 3102 631 3180 Erant
650 3104 722 3177 illae
741 3125 891 3175 numero
909 3098 1137 3193 odlodecim,
1163 3102 1200 3175 &
1218 3102 1364 3200 quidem
1382 3102 1480 3176 istae:
1696 3131 1727 3183 t.
1754 3109 1829 3185 Ec.

557 3288 607 3368 (a)
631 3285 696 3350 vid.
721 3281 847 3366 §.CIL
870 3303 937 3368 pag.
956 3278 1029 3365 283.
1115 3290 1118 3292 ’
1371 3347 1376 3352 .

557 3373 610 3454 (b)
637 3366 857 3436 Accusationis
882 3366 979 3453 capita
1002 3381 1105 3433 erant:
1138 3368 1189 3431 Sie
1197 3368 1289 3459 seyen
1305 3366 1482 3452 offentliche
1498 3368 1643 3455 Kerzer‚
1665 3371 1828 3457 Rotrirer,

516 3457 583 3521 und
595 3456 746 3537 sesiirer,
777 3450 892 3516 welche
915 3452 964 3515 die
981 3449 1091 3538 heilr'ge
1108 3453 1250 3538 wirdige
1268 3454 1463 3517 Sacramente
1479 3455 1673 3539 zerstr'r'hren,
1696 3458 1745 3520 die
1762 3457 1829 3521 hei·

487 3586 490 3592 ·
515 3540 576 3625 sige
599 3541 681 3621 mesa
708 3537 894 3615 urracham,
926 3535 992 3601 und
1016 3536 1065 3598 die
1087 3534 1167 3625 heysi
1188 3561 1203 3599 e
1216 3534 1333 3617 schrift
1349 3536 1542 3621 zerreiffen.'
1564 3540 1631 3630 Bey
1647 3542 1748 3622 diesen
1764 3543 1828 3606 ket·

515 3642 594 3689 zern
606 3623 689 3707 gelre
701 3622 821 3703 fasten,
839 3622 963 3708 opsern,
980 3620 1086 3700 beten,
1104 3560 1243 3684 beicbten
1259 3619 1435 3707 nichtr,fig
1451 3627 1480 3685 le
1500 3647 1538 3686 err
1554 3624 1604 3687 die
1620 3625 1759 3711 ordnung
1775 3627 1829 3689 der

515 3704 649 3791 heiligen
673 3703 879 3787 Christsicben
904 3702 1025 3770 Kirche
1048 3705 1155 3769 nieder
1176 3706 1243 3769 und
1261 3703 1373 3769 wellen
1390 3707 1449 3768 den
1459 3645 1593 3802 glauben
1608 3708 1830 3792 rechtferrigen

517 3789 572 3867 des
596 3790 649 3874 bey
673 3789 803 3869 teusend
818 3790 905 3868 funs
918 3788 1052 3852 hundert
1069 3787 1230 3868 undserbs
1247 3789 1313 3852 rems
1327 3807 1495 3874 awanrzrg
1508 3789 1595 3874 Jahr
1605 3800 1750 3876 gewa'ret
1767 3796 1829 3860 dte.

515 3893 548 3938 r.
568 3871 651 3938 Aua
666 3872 868 3939 Hofmeilleri
885 3874 966 3939 edita
981 3872 1089 3937 denuo
1107 3873 1124 3937 a
1142 3871 1243 3939 Dosl.
1261 3873 1287 3938 F
1293 3869 1457 3938 UESSL.
1472 3877 1503 3941 iu
1519 3874 1662 3941 Collesl.
1680 3875 1827 3942 Ducum.

514 3958 555 4027 ad
573 3957 652 4023 Hill.
670 3956 744 4024 Res.
765 3957 864 4023 Helv.
881 3955 963 4022 T.1.
980 3956 1121 4022 n.VIlI.
1139 3956 1205 4036 §.L
1223 3977 1292 4042 pag.
1304 3973 1375 4037 342.
1614 4042 1622 4057 ·

512 4036 1829 4223 aalaidissdisslllssledisserebas?sll‘srllbslfl‘t

512 4209 664 4290 meineri,
695 4226 732 4272 ex
758 4204 871 4289 quibus
896 4206 1008 4304 eadem
1030 4209 1237 4308 depromere,
1258 4223 1355 4296 atque
1369 4209 1444 4276 huie
1460 4208 1560 4298 Operi
1575 4208 1831 4294 nostrosubjun·

513 4314 587 4385 pere
602 4288 674 4359 No.
691 4287 774 4361 XV·
797 4286 857 4356 fert
869 4307 1005 4358 mutus.
