4442 5150
797 580 1525 765 annoxnrr·
1675 684 1749 762 ιφ

437 773 563 884 Atqbe
579 783 630 861 est
647 808 686 858 ea
705 809 759 859 res
776 785 944 881 deinceps
961 786 997 857 in
1014 783 1173 859 favorem
1189 785 1347 859 Macrini
1366 778 1567 886 c'omposrta
1585 813 1649 888 per
1662 794 1747 871 Seb.

436 886 631 980 Meyerum
661 874 860 957 Dodoiem
882 881 1112 976 Bernensem,
1138 885 1280 979 quando
1299 885 1485 961 Macrinus
1503 891 1683 988 egregiam
1701 894 1746 967 ad
1865 970 1867 975 ,

436 983 663 1079 Zwinglium
686 982 767 1052 dare
785 979 983 1075 Epistulam
1002 1000 1240 1077 atque—totam
1260 981 1351 1054 hanc
1368 983 1506 1058 causam
1525 989 1628 1060 laetus
1645 1013 1746 1064 enat·

436 1103 535 1171 rare,
561 1103 633 1151 non
653 1077 851 1150 defistebat.

485 1176 594 1273 Apud
621 1175 863 1249 RHAETOS
890 1172 1047 1267 Jacobus
1065 1176 1207 1248 Burckli
1224 1172 1489 1251 Reformatoris
1508 1182 1614 1278 primi
1634 1206 1744 1256 enco-

434 1274 548 1347 mium
577 1273 625 1367 (a)
654 1275 864 1368 reportavit.
910 1273 1042 1367 Neque
1066 1269 1228 1344 futurum
1247 1273 1401 1384 arbitror
1418 1274 1478 1348 abs
1497 1302 1555 1368 re,
1582 1304 1744 1354 comme·

433 1367 1744 1572 illudis?1.ldll.dllll.‘g.¹.l¹.⁰.¹¹?.1lgl¹.{ebibitis

434 1563 656 1639 interceffiffe
689 1587 772 1637 cum
800 1563 991 1658 Christiano
1018 1566 1162 1636 Axhorn
1188 1565 1344 1636 civitatis
1370 1570 1463 1639 inter
1486 1569 1644 1646 Rbaetos
1670 1575 1745 1666 pri·

434 1665 557 1736 mariae
587 1659 769 1737 Curienlis
793 1660 1053 1750 Thesaurario,
1087 1659 1181 1733 Viro
1207 1663 1370 1757 corporis
1396 1666 1584 1763 animique¹
1600 1669 1746 1746 dotibus

433 1759 652 1857 conspicuo,
679 1783 752 1854 quo
771 1755 807 1830 id
823 1753 993 1831 effedtum
1013 1755 1145 1849 fuerit3
1170 1777 1211 1830 ut
1227 1759 1433 1833 Anbornius
1450 1764 1636 1862 principiis
1654 1765 1744 1841 doc·

434 1859 539 1931 trinae
559 1857 791 1954 Evangelicae
810 1854 993 1946 imbutus,
1012 1854 1180 1951 deinceps
1199 1856 1412 1929 Burcklium
1432 1861 1468 1931 in
1486 1862 1653 1936 omnibus
1666 1863 1746 1943 fue·

434 1955 481 2030 rit
500 1976 656 2048 tutatus,
674 1979 715 2028 ac
734 1977 807 2027 non
823 1951 929 2025 semel
948 1951 1103 2024 hostium
1123 1951 1270 2025 confilia
1288 1955 1418 2050 pariter
1435 1977 1542 2053 atquc
1560 1961 1747 2037 molimina

435 2053 596 2127 adversus
623 2051 737 2152 ipsum
764 2049 931 2148 fregerit:
966 2047 1144 2147 Reliquos
1162 2050 1257 2147 apud
1276 2053 1432 2128 Rhaetos
1450 2056 1640 2154 Evangelii
1659 2084 1746 2158 pro·

433 2150 566 2249 greffus
584 2149 750 2246 deinceps
768 2148 810 2220 ad
830 2151 875 2219 Α.
892 2169 995 2242 1525.
1022 2148 1060 2223 δι
1083 2158 1186 2244 1526.
1210 2147 1354 2224 uberius
1371 2175 1605 2249 exponemus.

484 2248 593 2349 Apud
607 2243 1079 2322 WALDSHUTANOS
1099 2265 1174 2331 tum
1191 2269 1334 2344 quoque
1346 2249 1746 2418 Evanffeliiministrum

435 2348 564 2443 agebat
583 2346 770 2439 Baithasar
787 2345 1005 2422 Hubmeierus
1026 2342 1103 2437 (b),
1133 2345 1268 2440 quippe
1286 2346 1347 2440 qui
1367 2345 1437 2442 Epi
1472 2350 1563 2422 olam
1582 2351 1683 2425 Pauli
1702 2353 1747 2427 ad

433 2444 647 2518 Corinthios
674 2442 895 2515 auditoribus
922 2439 990 2515 suis
1009 2437 1199 2536 exposuit,
1225 2464 1423 2537 quanquam
1443 2445 1634 2545 deinceps,
1660 2473 1746 2523 cum

432 2539 714 2639 Anabaptisticae
742 2541 946 2639 ingruerent
973 2535 1114 2632 tutbae‚
1147 2540 1175 2612 is
1194 2562 1267 2612 rem
1287 2540 1525 2618 Christianam
1545 2545 1746 2628 turbaverit

434 2642 569 2735 magis,
596 2662 700 2730 quarn
720 2642 884 2712 erexerit.

400 2764 407 2777 ·
482 2749 512 2823 §.
532 2736 681 2810 XCIII.
708 2733 1098 2832 SCAPHUSANOS
1125 2730 1214 2806 verb
1241 2759 1285 2808 ne
1312 2733 1450 2809 silentio
1469 2761 1744 2837 praetereamus,

435 2836 623 2929 Sebastiam·
646 2834 831 2931 Hosmanm'
850 2836 886 2908 ὃ(
907 2834 1093 2929 Sebastiani
1109 2832 1324 2931 Hofmeisteri
1343 2834 1494 2908 studium
1514 2859 1620 2935 atque
1639 2840 1745 2919 indu·

436 2932 516 3006 stria
536 2934 856 3006 inReformntione
868 2931 1041 3005 Ecclefiae
1061 2929 1253 3029 conspicua
1265 2930 1439 3006 efficiunt.
1467 2936 1748 3014 PriorLucerna
1870 3025 1877 3032 p

435 3031 553 3121 abiens
583 3031 818 3130 Scaphusrum
844 3027 875 3103 se
898 3030 1100 3103 contulerat
1119 3031 1155 3102 in
1174 3032 1385 3105 coenobium
1403 3032 1746 3134 Franciscanorum,

433 3141 544 3226 atque
557 3132 607 3203 rbi
626 3129 870 3205 Sebastianum
893 3124 1176 3201 Hofrneisterunr
1197 3131 1361 3221 (antehac
1379 3128 1516 3205 dietum
1529 3133 1747 3233 Seb.·Wag·

434 3231 574 3317 nerum)
595 3234 698 3325 cujus
717 3221 829 3298 modb
843 3226 894 3313 (c)
916 3226 951 3296 in
969 3224 1054 3298 Ref.
1066 3226 1303 3321 Constantienst
1315 3226 1673 3323 injedtaelbmentim
1693 3231 1749 3305 in·

434 3348 575 3401 venerat
590 3330 665 3424 jam
685 3346 761 3401 tum
782 3326 818 3397 in
831 3323 1029 3422 Evangelio
1044 3325 1183 3491 pfliffli
1197 3325 1427 3420 praedicando
1437 3326 1747 3495 religiosrffilplrum.

1104 3444 1116 3491 r
1666 3446 1748 3521 ujus

479 3615 527 3694 (a)
552 3633 584 3676 v.
601 3613 791 3681 Bartholom.
818 3610 1035 3682 ANHORN
1057 3612 1251 3698 Palingenes.
1271 3601 1385 3679 ¹Rhet.
1403 3631 1471 3699 pag.
1489 3614 1608 3698 penult.
1628 3615 1703 3703 dep.
1715 3635 1745 3684 2.

436 3697 506 3780 sqq.
535 3695 582 3760 18.
602 3698 630 3762 dr
656 3698 904 3767 HOTTING.
922 3700 1020 3765 Helv.
1040 3698 1084 3762 K.
1102 3696 1146 3763 G.
1165 3700 1257 3783 p.64.

477 3800 528 3879 (b)
555 3796 803 3866 HOTTING.
828 3802 926 3866 Helv.
953 3800 994 3864 K.
1014 3798 1058 3863 G·
1074 3810 1111 3884 'P·
1129 3814 1179 3878 74·
1204 3795 1430 3865 RUCHAT.
1448 3797 1531 3865 T.1.
1549 3820 1640 3886 p.94.
1671 3800 1747 3871 Erat

434 3885 457 3949 is
484 3881 649 3961 Baltbasar
674 3903 730 3964 pro
752 3884 798 3949 rio
822 3886 951 3949 nomine
975 3882 1076 3949 dicius
1100 3883 1289 3963 Hubriteier‚
1314 3885 1365 3945 vel
1382 3882 1538 3964 Humor,
1557 3885 1614 3951 'sed
1633 3886 1650 3950 d
1669 3891 1746 3953 loco

434 3966 580 4052 Fridlerg
604 3964 705 4029 druos
731 3905 992 4049 basmonum,
1024 3968 1117 4046 cujus
1142 3968 1173 4030 in
1198 3966 1430 4049 Anabaptisticis
1454 3970 1591 4036 motibus
1608 3986 1748 4036 recurret

435 4053 572 4117 mentio:
605 4050 669 4115 vid.
694 4046 945 4116 RAUPACH.
973 4050 1079 4116 Austr.
1105 4048 1262 4133 Evangel.
1307 4071 1356 4135 ag.
1372 4068 1423 4135 23.
1448 4052 1642 4135 Symbolum
1657 4055 1745 4136 ejus,

437 4136 603 4302 quodqipse
620 4132 733 4232 libellis
750 4132 810 4198 suis
827 4134 986 4218 apposuit,
1009 4148 1090 4199 erat:
1116 4132 1181 4198 Die
1196 4072 1351 4201 wabrieit
1366 4138 1403 4225 ist
1417 4136 1599 4205 uxto'dtlich.
1620 4136 1748 4207 Veritas

436 4234 517 4281 mter
541 4246 567 4283 cr
585 4235 703 4311 nequit.

477 4320 527 4400 (c)
551 4341 582 4385 v.
602 4320 631 4403 d.
652 4313 861 4386 LXXXIX.
885 4332 954 4400 pag.
974 4332 1045 4400 239.
