4442 5150
454 653 625 748 nnn:
814 635 1458 717 nnuovnrt.
1695 585 1890 748 3¹7,¹

452 769 675 852 MEYERI
694 765 743 864 (a)
761 765 846 843 Viri
864 767 986 840 multis
1005 765 1212 840 nominibus
1222 767 1398 863 illustris,
1424 789 1501 846 tum
1512 769 1671 847 Tribuni
1689 777 1769 875 ple·

452 877 532 969 bis,
566 872 735 966 deinceps
761 865 928 940 Consulis
954 864 1206 937 Bafileenfium
1235 866 1455 965 Magnifici,
1491 868 1661 969 singulari
1682 897 1769 974 erga
1811 922 1815 928 -

453 971 570 1072 ipsum
591 967 731 1057 studio,
754 966 945 1038 certiorem
962 963 1100 1056 reddit,
1127 962 1328 1036 scribendo.
1347 965 1403 1057 (b)
1438 1018 1466 1060 „
1485 969 1674 1044 Tribunus
1692 975 1769 1068 ple-

453 1123 481 1165 „
502 1071 590 1161 bis,
633 1089 729 1138 nunc
757 1065 936 1162 primariae
962 1063 999 1132 in
1025 1062 1090 1132 hac
1117 1060 1205 1134 urbe
1230 1060 1483 1157 austeritatis,
1508 1086 1607 1140 vante
1636 1093 1771 1147 annum

434 1207 482 1265 ·„
501 1190 586 1241 cum
607 1166 766 1262 legatum
787 1163 946 1234 civitatis
963 1158 1093 1230 nostrae
1113 1159 1208 1255 apud
1226 1161 1431 1258 Principem
1449 1160 1605 1239 vestrum
1622 1189 1767 1266 ageret,

344 1256 346 1266 ’
454 1320 483 1363 „
502 1287 644 1338 morum
664 1282 810 1333 tuorum
828 1257 1022 1349 suavitate,
1047 1255 1216 1329 sermonis
1234 1259 1429 1352 comitate,
1448 1283 1489 1333 ac
1507 1260 1596 1335 boni
1614 1269 1771 1342 nominis

430 1378 482 1460 ',·‚
502 1362 718 1459 fragrantia,
743 1354 833 1430 adeo
851 1355 942 1428 bene
957 1377 1041 1450 erga
1060 1374 1096 1426 te
1112 1353 1208 1427 affici
1225 1358 1364 1452 coepit,
1389 1377 1432 1431 ut
1448 1358 1538 1433 nihil
1556 1385 1650 1455 non,
1669 1366 1771 1462 quod
1857 1395 1860 1400 ·

454 1514 483 1557 „
503 1458 652 1533 honeste
678 1459 836 1554 poterit,
871 1473 936 1526 tuo
963 1453 1110 1524 nomine
1134 1454 1171 1524 in
1191 1455 1244 1524 tui
1262 1458 1414 1550 gratiam
1432 1455 1588 1533 fadurus
1609 1458 1663 1534 fit.
1707 1463 1770 1538 Te

454 1613 483 1656 „
503 1560 598 1632 enirn
629 1564 686 1650 (ut
712 1555 793 1651 pios
811 1551 951 1638 omnes)
974 1570 1068 1623 amat
1086 1573 1128 1621 ac
1146 1549 1331 1644 observat,
1356 1555 1465 1626 etiam
1484 1555 1682 1651 defiderat,
1706 1584 1771 1634 eo·

455 1710 484 1752 „
503 1681 573 1754 que
591 1653 759 1744 conscio,
786 1650 855 1723 tibi
871 1647 990 1721 scribo
1007 1647 1044 1720 δι
1064 1670 1129 1745 per
1147 1645 1271 1721 fratres
1286 1651 1562 1748 Argentinenses
1578 1653 1685 1729 scribi
1703 1680 1771 1732 cu·

456 1808 484 1849 „
503 1754 604 1843 ravi,
638 1751 761 1824 beatos
787 1772 853 1820 nos
876 1745 1103 1837 existimant,
1130 1744 1211 1818 srte
1229 1747 1407 1846 collegam
1428 1750 1586 1825 habituri
1606 1752 1724 1829 fimus.
1741 1806 1771 1850 „

457 1853 560 1924 Huic
588 1869 792 1922 invitationi
820 1847 980 1936 Gryneus
1006 1845 1129 1938 paucis
1144 1843 1280 1918 *diebus
1302 1846 1405 1943 post,
1430 1850 1481 1921 ita
1498 1849 1703 1948 respondit,
1727 1871 1773 1930 ut
1899 1854 1903 1861 ’

456 1947 622 2048 equidem
647 1946 848 2045 proclivem
868 1942 969 2015 suurn
987 1942 1023 2012 in
1040 1940 1252 2017 Bafileenset
1269 1946 1426 2019 animum
1444 1945 1641 2043 indicaret,
1667 1948 1775 2028 fimul

455 2045 544 2122 verb
577 2048 684 2119 etiam
717 2041 970 2118 difficultatem
1000 2063 1075 2111 non
1100 2063 1208 2113 unam
1236 2064 1426 2137 moveret,
1460 2064 1567 2143 atque
1594 2045 1773 2147 fingulare

374 2151 378 2158 '
454 2145 598 2244 prorsus
624 2141 809 2216 modestiae
836 2161 946 2237 atque
973 2136 1187 2212 humilitatis
1214 2139 1429 2215 Christianae
1447 2145 1655 2243 exemplum
1675 2169 1774 2245 prae·

452 2244 554 2319 beret
564 2275 576 2330 ς
598 2241 710 2315 Unde
726 2241 819 2313 inter
837 2239 925 2330 alia,
945 2237 1112 2332 Intelligis
1129 2238 1206 2329 (c),
1225 2237 1423 2335 scribebat,
1440 2244 1628 2338 ingenium,
1645 2248 1774 2319 intelli·

449 2351 504 2443 gis
521 2344 628 2416 animi
645 2345 852 2414 voluntatem
868 2336 912 2416 ὅ
930 2339 1106 2427 confilium.
1132 2335 1220 2427 Jam
1238 2338 1325 2408 illud
1340 2339 1405 2432 est,
1431 2329 1518 2433 qitod
1532 2341 1672 2434 mirifice
1688 2346 1776 2419 mihi

455 2443 503 2514 ad
518 2463 579 2511 vos
596 2441 781 2531 migraturo
798 2436 934 2526 obstabit
945 2456 958 2503 .·
983 2432 1214 2504 Excitandum
1230 2433 1269 2505 de
1286 2458 1370 2518 nouo
1380 2434 1551 2528 studium,
1576 2462 1696 2535 magna
1713 2464 1774 2513 no·

455 2561 511 2613 ne
522 2533 645 2631 schole
660 2536 862 2627 expetierit,
882 2534 1003 2628 gravis
1019 2553 1130 2603 eorum
1147 2538 1205 2628 qui
1221 2533 1301 2604 urbe
1317 2537 1375 2606 vel
1383 2535 1470 2627 piiſs
1478 2530 1583 2630 sunt,
1605 2534 1774 2634 uelspon·

456 2652 489 2707 te
516 2633 623 2727 vestro
650 2635 778 2727 confilio
806 2626 918 2725 offenfi
944 2630 1175 2722 discefferunr,
1208 2629 1364 2722 invidia,
1395 2639 1503 2705 omnia
1524 2640 1560 2706 in
1579 2660 1629 2709 me
1645 2641 1775 2711 incum-

457 2735 546 2806 bem.
588 2733 686 2803 Facit
704 2734 806 2803 etiam
818 2728 1001 2823 periculosa
1018 2734 1106 2801 inter
1122 2727 1207 2822 ipsos
1224 2730 1399 2801 Helvetios
1416 2732 1583 2825 diffensto:
1608 2756 1680 2828 quae
1697 2740 1773 2830 qui-

456 2832 531 2904 dem
556 2834 665 2902 omnia
691 2828 803 2899 eadem
828 2831 889 2900 illa
915 2830 1022 2897 animi
1046 2827 1228 2919 constantia
1238 2824 1382 2921 ferenda
1400 2827 1485 2923 effe,
1510 2854 1576 2926 qua
1593 2849 1688 2902 tuam
1698 2833 1776 2926 ferr

455 2929 694 3017 conditionem,
728 2927 898 3022 intelligo,
921 2932 955 3019 st
980 2925 1052 2996 ulla
1078 2928 1115 3017 in
1131 2948 1182 2996 me
1198 2924 1278 3020 istas
1293 2928 1340 2998 ad
1355 2952 1406 3000 res
1423 2928 1538 3001 idonea
1547 2933 1597 3024 fit
1607 2928 1775 3021 facultas.

457 3030 626 3123 Experior
650 3026 795 3123 quotidie
820 3049 909 3096 meas
926 3029 1039 3115 vires,
1066 3028 1175 3097 minus
1192 3026 1336 3121 quotidie
1354 3031 1418 3122 (fic
1435 3049 1485 3099 nte
1499 3027 1578 3102 deur
1594 3028 1700 3115 amet)
1718 3052 1775 3103 re·

452 3133 569 3222 perio,
599 3149 698 3222 quam
708 3125 885 3219 sperabam
901 3122 989 3215 ipse,
1014 3146 1114 3216 quam
1131 3124 1284 3198 tribuant
1299 3129 1413 3197 amici.
1446 3131 1571 3199 Animo
1589 3121 1776 3219 concutior,

459 3229 585 3322 quoties
602 3225 650 3298 ad
660 3222 901 3320 praelegendum
919 3220 1030 3311 acceffi
1039 3220 1240 3393 :Bsspapdo
1258 3222 1414 3366 denique
1430 3242 1549 3298 tamen
1567 3246 1640 3296 rem
1660 3240 1776 3391 tppppt

458 3509 461 3515 ,
503 3466 552 3542 (a)
570 3464 681 3558 Jacobi
698 3458 888 3530 MEYERI
908 3456 1266 3560 ConsulisBafileenfie,
1283 3461 1776 3565 JohannisOEQQLAMPA·

386 3586 389 3596 ι
462 3542 579 3611 Du&
596 3549 726 3610 Simonis
745 3541 970 3625 GRYNAEI,
987 3558 1069 3610 tanta
1082 3545 1212 3611 fuerunt
1227 3568 1257 3614 ιιι
1272 3554 1499 3633 rempublicam
1508 3550 1656 3628 civilem,
1673 3551 1776 3616 litern-

461 3632 540 3696 riam
564 3629 594 3693 u
617 3632 855 3697 ecclesiasticam
877 3628 1087 3695 Basileensem
1111 3631 1239 3714 merita,
1271 3646 1418 3717 tantaque
1442 3635 1536 3699 simul
1558 3634 1640 3715 apud
1662 3652 1776 3701 omnes
1882 3689 1889 3697 .

462 3712 666 3791 existimatio,
698 3732 731 3779 ut
748 3735 881 3800 quoque
897 3734 974 3779 cum
991 3716 1020 3780 bi
1036 3714 1213 3782 Triumviri
1229 3717 1346 3783 infelici
1360 3718 1427 3783 fato
1444 3718 1488 3783 A.
1502 3725 1593 3799 1541.
1624 3718 1705 3802 peste
1721 3740 1776 3787 ex·

464 3796 553 3864 tinui
569 3799 817 3879 occumberem
839 3817 934 3883 etque
950 3820 1065 3865 eorum
1080 3801 1201 3867 exuviae
1218 3803 1369 3886 proximae
1385 3801 1438 3866 fibi
1456 3802 1592 3867 invicem
1600 3803 1775 3870 conderen-

465 3898 535 3965 tur,
561 3879 705 3963 deinceps
723 3884 817 3947 tribus
835 3885 896 3949 illis
913 3885 1008 3965 saxis,
1032 3886 1088 3949 sub
1104 3887 1218 3969 quibus
1231 3886 1356 3970 jacent,
1379 3888 1446 3953 haec
1462 3887 1604 3973 inscripta
1619 3888 1736 3955 fuerint

579 3969 616 4029 So
633 3963 707 4048 chr,
728 3982 808 4051 gut,
832 3967 956 4051 Kunst,
980 3967 1126 4051 hulffend
1139 3972 1172 4033 in
1188 3968 1276 4033 notb'

581 4051 663 4117 Weir
678 4048 782 4113 keiner
799 4072 858 4113 von
874 4053 973 4130 diesen
989 4052 1099 4141 dreyen
1114 4054 1177 4115 tad.

463 4137 553 4205 eouf.
572 4133 723 4201 Biblioth.
740 4134 848 4198 Brem.
867 4134 971 4202 Turn.
983 4134 1044 4200 lV.
1061 4154 1176 4219 p.903,
1192 4156 1267 4222 904.

505 4240 559 4317 (b)
584 4256 616 4301 v.
634 4235 781 4320 Zwingl.
801 4234 831 4299 δι
848 4233 968 4299 Oecol.
985 4232 1047 4321 Ep.
1064 4235 1139 4303 Lib.
1152 4239 1212 4304 IV.
1229 4241 1369 4325 fol..179.
1386 4265 1415 4312 t.

506 4323 558 4401 (c)
583 4343 615 4389 v.
633 4321 779 4409 Zwingl.
799 4320 829 4387 δι
847 4317 966 4387 Oecol.
985 4317 1045 4405 Ep.
1064 4326 1086 4388 l.
1103 4344 1133 4389 c.
1150 4323 1209 4392 for.
1222 4323 1292 4391 180.
1309 4348 1337 4393 a.
