4442 5150
1067 504 1073 542 l

1024 539 1041 629 l
1075 539 1185 643 ¹43)

488 666 523 744 ui
543 665 643 766 super
662 668 780 741 haere
806 662 907 740 vobis
930 663 1097 763 loquetur
1123 667 1244 759 larius,
1265 667 1391 744 vellem
1423 694 1485 748 vos
1514 683 1739 770 praemonitos

461 690 504 840 a(
533 765 659 839 Virum
693 763 890 860 quempiam
927 784 1031 858 quem
1066 763 1242 837 Dominus
1268 764 1409 864 elegerit
1429 767 1471 841 ad
1504 769 1567 842 iter
1595 781 1738 878 accingi.

430 922 432 927 .
466 859 590 935 Mesfis
608 858 716 932 multa
734 860 771 933 ὃ(
793 854 938 956 operarii
961 861 1072 954 pauci.
1114 857 1308 952 Quiseniur
1331 859 1466 934 dolosos
1489 866 1738 958 proditorem&

465 956 502 1030 &
523 957 663 1058 ignavos
680 975 812 1028 ventres
828 950 954 1049 quibua
971 951 1092 1049 plenus
1107 953 1157 1027 est
1170 953 1396 1062 munduspro
1408 958 1574 1054 operariis
1591 961 1732 1041 habeat?

463 1050 535 1149 ipse
548 1077 640 1126 nunc
661 1051 819 1146 experior
831 1046 915 1142 quid
926 1047 1038 1121 oneris
1049 1045 1092 1122 fit
1107 1044 1268 1123 Ecctefiis
1280 1074 1634 1151 episcoposquaererc.
1665 1062 1735 1135 Sae·

463 1146 635 1315 &bonos
650 1148 687 1221 δι
705 1144 855 1244 optimos
874 1142 999 1217 refutat
1016 1143 1071 1233 (⁴)
1092 1143 1206 1241 plebs,
1218 1145 1398 1221 deteriores
1417 1151 1475 1236 (⁸)
1500 1169 1613 1224 autem
1631 1153 1731 1231 favet.

507 1267 525 1315 e

526 1267 596 1340 que
617 1240 725 1338 plebis
746 1238 840 1313 utilis
863 1237 913 1311 est
929 1236 1054 1312 elestio
1069 1262 1183 1337 neque
1218 1241 1396 1333 rimarum,
1418 1241 1479 1317 uifi
1491 1245 1735 1342 optimeChri·

464 1335 557 1411 stum
578 1337 761 1412 teneant&
782 1336 855 1428 ejus
870 1331 972 1406 solius
987 1333 1109 1432 gloriae
1131 1265 1266 1409 studere
1294 1336 1410 1410 velint.
1457 1339 1556 1413 Hinc
1570 1341 1733 1420 nimirum

464 1436 655 1510 maximum
669 1430 873 1529 perieulum.
897 1427 1014 1534 Quam
1028 1429 1195 1526 prodesset
1207 1455 1333 1527 paucos
1343 1431 1410 1508 else
1421 1430 1529 1509 bonos
1542 1436 1581 1510 ὃ(
1599 1437 1732 1515 ferven-

465 1543 517 1600 tes
556 1553 635 1604 uam
649 1529 844 1601 innumeros
855 1526 998 1619 tepidos.
1047 1523 1105 1598 De
1124 1525 1176 1598 his
1190 1528 1275 1600 satis.

457 1620 463 1631 '
515 1552 632 1698 Placet
649 1624 744 1719 quod
758 1619 1245 1726 BucrrusHefforrmtprincipi
1269 1622 1414 1721 seripfit,
1434 1622 1565 1699 utinam
1588 1651 1653 1724 pro
1669 1631 1732 1705 suo

463 1716 605 1791 arbitrio
616 1718 663 1789 im
708 1739 793 1805 rtet,
816 1713 956 1789 confido
976 1737 1068 1787 enrm
1082 1739 1116 1788 rn
1132 1715 1288 1791 Domino
1300 1717 1323 1793 fi
1335 1719 1444 1794 audiri
1460 1719 1576 1792 contin
1620 1745 1732 1819 tnos,

452 1808 546 1885 ·hinc
560 1814 596 1888 δι
612 1816 645 1886 in
670 1839 706 1899 e,
717 1811 871 1886 frustum
888 1832 956 1882 non
970 1832 1117 1917 parvum
1128 1811 1227 1884 etiam
1241 1810 1305 1886 hac
1315 1815 1489 1888 occafione
1501 1815 1594 1889 fideli
1622 1843 1661 1892 us
1673 1844 1731 1893 ac-

452 1904 646 1982 ·eessurum.
677 1909 713 1984 Si
727 1907 900 1981 Dominus
919 1927 974 1977 me
989 1929 1023 1978 rn
1035 1906 1220 1980 ministerio
1235 1931 1278 1981 eo
1298 1909 1447 1985 voluerit
1469 1908 1536 1998 uti,
1550 1908 1731 1988 obliviscar

462 2002 636 2097 parvitatis
659 2028 699 2078 ac
716 2000 921 2076 infirmitatis
937 2023 1023 2074 meae
1039 2023 1082 2075 ne
1103 2001 1135 2076 ei
1153 1996 1353 2078 obluster'li
1374 2002 1462 2079 forte
1477 2003 1514 2078 δι
1531 2004 1634 2102 hujus
1655 2011 1730 2085 voti

463 2118 608 2197 compos
631 2101 713 2173 fiam
726 2100 843 2173 videns
865 2116 933 2170 tam
957 2094 1220 2193 perniciosarum
1246 2099 1489 2175 discordiarum
1515 2097 1632 2174 finem.

511 2192 677 2268 Ceterum
699 2194 824 2268 domus
843 2215 916 2265 mea
940 2216 1002 2289 per
1022 2195 1162 2289 gratiam
1188 2191 1255 2266 Dei
1272 2195 1319 2269 sat
1336 2195 1422 2270 bene
1441 2193 1561 2285 habet,
1573 2218 1673 2291 pater
1688 2199 1732 2274 li·

462 2305 517 2359 eet
542 2289 735 2361 morosulur
767 2286 886 2360 auditu
917 2307 1028 2359 tamen
1056 2285 1237 2383 Evangelii
1264 2289 1364 2363 etiam
1389 2289 1489 2362 senex
1521 2289 1729 2369 tolerabilior

448 2381 618 2456 efficitur.
667 2380 773 2454 Uxor
789 2402 829 2454 ea
846 2377 895 2450 est
911 2377 1046 2475 qualem
1059 2377 1127 2451 sem
1173 2383 1320 2475 ropravi
1337 2406 1449 2479 neque
1471 2383 1569 2455 aliam
1592 2387 1729 2463 vellem.

460 2477 550 2552 Non
564 2477 657 2551 enim
673 2472 785 2549 rixosa
801 2470 856 2545 vel
901 2472 1011 2544 arrula
1023 2470 1072 2543 est
1091 2494 1134 2546 ve
1169 2495 1254 2572 vaga
1265 2476 1320 2550 sed
1333 2476 1429 2550 domi
1447 2477 1505 2551 sua
1521 2498 1634 2569 curat,
1649 2482 1728 2556 fim·
1746 2509 1750 2517 ¹

451 2572 603 2672 ‘plicior,
616 2594 721 2672 quam
733 2589 773 2644 ut
786 2496 970 2678 superium,
988 2565 1189 2675 prudentior
1199 2591 1302 2667 quam
1321 2592 1360 2680 uf
1372 2571 1392 2647 ὲ
1403 2570 1521 2647 ceteris
1532 2594 1727 2680 contemna-

459 2691 528 2746 tur.
565 2669 720 2763 Eusebr'us
732 2688 791 2763 per
805 2687 919 2738 omma
935 2682 1072 2764 quietus
1087 2662 1225 2761 puellus
1236 2664 1285 2740 est
1295 2724 1304 2758 ,
1316 2666 1377 2743 ruli
1390 2671 1485 2766 quod
1497 2665 1595 2741 sarmrs
1606 2695 1645 2746 ac
1658 2671 1728 2749 fitit

460 2764 682 2860 sordiumque
698 2760 874 2856 impatiens
898 2757 1049 2857 quod&
1072 2758 1184 2855 ipsum
1196 2759 1329 2838 bonurn
1349 2788 1389 2838 ac
1401 2760 1624 2865 gratillimurn
1638 2766 1724 2842 indi·

459 2864 552 2936 cium
574 2858 675 2931 bonae
692 2854 911 2946 valetudinis,
933 2854 1068 2953 pituitae
1089 2879 1131 2930 ac
1141 2855 1218 2930 tullr
1230 2856 1414 2933 obnoxius.
1463 2855 1587 2955 Scripsi
1600 2860 1726 2936 haecut

459 2956 621 3057 petitione
643 2972 703 3024 tua
725 2970 760 3022 te
783 2973 853 3021 non
881 2947 1031 3024 frustrer.
1079 2950 1181 3023 Alius
1202 2952 1279 3026 haee
1307 2953 1507 3027 scribentem
1528 2951 1651 3027 rideret
1671 2955 1725 3030 sed

457 3053 588 3127 amicus
604 3047 718 3121 omnia
736 3044 819 3117 boni
839 3041 997 3118 consulit.
1045 3045 1237 3119 chunradus
1260 3048 1410 3123 minister
1432 3071 1529 3121 meur
1546 3046 1657 3121 isthuc
1676 3050 1725 3125 se·

458 3146 576 3247 quemi
601 3139 811 3217 hebdomada
824 3136 1000 3215 descendet
1007 3169 1019 3236 3
1042 3139 1105 3216 Tu
1132 3163 1387 3220 cumuxoreae
1403 3146 1725 3243 Buceroeeterisque

458 3239 619 3320 omnibus
631 3237 716 3311 bene
731 3235 820 3308 vale.

457 3339 597 3415 Basileae
614 3334 710 3408 sexto
723 3329 840 3403 Martii
855 3330 947 3405 Anni
968 3354 1068 3430 ¹529·

1353 3428 1626 3528 oecolampadius.

503 3616 558 3702 (¹¹¹)
585 3610 721 3701 Respuit.

502 3701 555 3789 (ἢ
580 3695 806 3771 unctioribus.
