4442 5150
461 594 628 704 ΛΑΜ.
791 576 1767 718 RENOVAT1.⁸205

459 788 488 834 „
505 738 659 812 nationis
669 735 889 812 Concilium.
915 736 1031 832 Qubd
1052 737 1075 811 fi
1098 711 1201 811 nimis
1221 741 1291 813 hoc
1307 743 1375 817 esse
1394 744 1762 843 longinquumvidea·

459 887 487 929 „
507 857 589 929 tur,
609 831 775 906 differant
791 834 910 908 saltem
928 860 1038 1003 usrpue
1047 837 1090 907 ad
1104 838 1242 931 imperii
1254 862 1493 930 conventum,
1509 845 1582 937 jam
1595 845 1761 917 brevifu·

457 981 487 1024 „
505 953 649 1020 turum,
667 951 773 1026 atque
791 933 839 1002 ibi
855 930 911 1002 sua
922 955 969 1026 po
1004 935 1328 1027 ulatapropouant:
1349 959 1421 1006 non
1430 937 1655 1029 sedubitare,
1672 944 1762 1034 quin

457 1051 649 1125 „aequum
671 1027 738 1114 lint
756 1029 860 1100 laturi
872 1027 1094 1124 responsum,
1114 1028 1252 1124 legibus
1261 1032 1433 1102 enimesse
1442 1053 1609 1124 cautum,
1627 1060 1671 1106 ne
1689 1043 1761 1131 pri·

456 1143 590 1218 „vato
618 1121 846 1221 Magistratui
872 1124 976 1197 liceat
995 1122 1209 1212 rescindere,
1233 1149 1314 1219 quae
1333 1133 1517 1199 communi
1536 1132 1647 1204 totius
1666 1133 1761 1206 orbis

455 1219 672 1316 „consensu
692 1221 834 1292 decreta
851 1218 941 1292 sunt.
966 1220 1128 1314 AEquum
1144 1222 1256 1317 igitur
1265 1221 1353 1312 else,
1373 1244 1411 1294 ut
1424 1225 1760 1322 hocabipfisimpe·

456 1320 630 1410 „treton
656 1313 771 1409 Quod
792 1315 817 1387 st
836 1313 921 1388 verb
932 1337 1103 1413 pergant,
1123 1315 1219 1407 sore,
1238 1320 1480 1411 quiavisineo
1494 1316 1558 1410 srt',
1577 1322 1760 1394 otthae·

454 1464 486 1508 „
503 1412 585 1506 sar,
610 1410 765 1485 summus
782 1411 1027 1507 magistratus,
1054 1415 1089 1485 ὅ(
1110 1411 1216 1507 ipfiilt
1235 1438 1298 1507 per
1314 1416 1501 1509 imperium
1520 1417 1656 1512 legatur
1674 1421 1760 1490 Rex

456 1561 486 1605 „
503 1509 767 1600 Ferdinandus,
784 1509 941 1604 graviter
959 1510 1027 1579 hoc
1046 1511 1083 1581 ὅ(
1103 1507 1316 1602 permolelle
1335 1508 1459 1583 ferant.
1487 1513 1761 1608 Sequoquepro

456 1603 566 1701 „suo
585 1628 730 1677 munere
749 1624 856 1700 atque
874 1602 945 1675 lide
964 1608 1098 1694 teneri,
1118 1606 1286 1700 quicquid
1306 1607 1357 1678 est
1370 1609 1446 1702 ejus
1456 1610 1527 1701 rei,
1547 1609 1762 1704 perscribere

455 1753 485 1797 „
505 1702 657 1792 Caesari,
683 1726 725 1772 ac
746 1700 847 1771 simul
866 1700 1052 1789 adhibere,
1080 1724 1161 1796 quae
1180 1722 1347 1794 oportet,
1369 1704 1543 1793 remedia,
1563 1706 1660 1800 quod
1679 1707 1760 1800 qui·

456 1850 484 1893 „
503 1800 582 1872 detn
602 1799 704 1869 inviti
722 1797 915 1867 admodum
936 1795 1078 1868 saciant.
1106 1798 1230 1889 ltaque
1248 1822 1393 1892 rogare,
1414 1822 1455 1872 ut
1475 1800 1665 1896 diligenter
1680 1807 1760 1874 haec

457 1947 485 1989 „
504 1895 619 1968 secum
640 1895 863 1988 expendant,
882 1895 918 1964 &
938 1891 1032 1964 redte
1051 1897 1276 1965 monentibus
1294 1897 1510 1969 auscultent:
1538 1900 1607 1968 hoc
1626 1898 1661 1970 ὃ(
1674 1899 1759 1970 ca-

455 2044 484 2088 „
502 1990 565 2065 sari
586 1991 661 2064 sore
680 1989 789 2085 longe
807 1987 1059 2085 gratissimum,
1078 1991 1112 2061 &
1124 1989 1166 2059 ad
1187 1990 1340 2085 ipsorum
1352 1993 1642 2088 quoquelaudem
1654 2016 1760 2089 atque

455 2142 484 2182 „
502 2088 647 2161 salutem
668 2092 856 2183 pertinere.
875 2138 901 2175 „
945 2087 1115 2175 Senatus,
1141 2085 1203 2156 ubi
1223 2086 1271 2158 sui
1292 2089 1445 2160 instituti
1461 2093 1631 2161 rationem
1642 2094 1759 2186 expli·

457 2185 741 2282 casset,·legatos
758 2180 949 2254 commode
960 2182 1018 2253 abs
1029 2181 1235 2254 sedimittit.
1261 2184 1390 2256 Fuerat
1401 2186 1450 2256 ibi
1462 2183 1661 2278 paulbante
1675 2190 1757 2260 Hil-

455 2279 624 2354 dedemus
637 2280 858 2375 Episcopui,
877 2281 915 2352 bc
928 2281 1071 2350 nomine
1082 2277 1230 2351 Caesaris
1248 2280 1340 2350 idem
1361 2282 1618 2375 postulaverat,
1641 2286 1761 2356 horta·

455 2397 536 2471 tus,
570 2398 773 2450 utmorem
799 2394 984 2470 gererent,
1017 2374 1211 2470 praesertim
1238 2398 1349 2469 quum
1376 2376 1495 2449 Caesar
1510 2380 1616 2453 etiam
1635 2378 1680 2450 de
1697 2405 1759 2452 na-

454 2477 565 2549 tionis
583 2474 810 2546 Germanicae
830 2473 986 2544 concilio
1006 2472 1157 2565 cogitet.
1193 2471 1291 2542 Naro
1310 2472 1444 2567 alioqui
1462 2473 1559 2565 fore,
1582 2494 1623 2545 ut
1641 2477 1759 2548 conli-

457 2571 548 2644 lium
577 2568 640 2640 fibi
667 2569 786 2643 Caesar
810 2592 851 2640 ac
877 2569 1001 2665 reliqui
1029 2567 1171 2641 ordines
1188 2568 1341 2665 capiant.
1385 2570 1443 2641 Ad
1462 2570 1541 2643 haec
1560 2570 1760 2668 Episcopus

456 2665 726 2761 Argentinenlis
750 2668 885 2759 aliquot
911 2666 1083 2738 senatores
1109 2663 1238 2754 urbis,
1274 2665 1370 2737 diros
1396 2664 1555 2758 nobiles,
1591 2670 1759 2760 privatim

456 2761 682 2857 interpellat,
706 2762 785 2835 suos
801 2760 1069 2851 beneficiarios,
1087 2757 1241 2833 &missis
1256 2759 1367 2834 literis
1385 2761 1428 2832 ad
1448 2759 1626 2856 singulos,
1644 2788 1757 2859 quan·

454 2858 647 2958 doquidem
672 2858 743 2932 lide
764 2857 829 2931 smr
849 2858 912 2952 ipfi
934 2860 969 2931 ὃ(
986 2855 1413 2953 jurejurandodevinsli,
1438 2858 1594 2955 graviter
1612 2881 1757 2953 monet,

453 2977 497 3031 ut
522 2955 789 3053 abrogationem
821 2957 938 3027 Mill'ae
959 2956 1044 3026 totis
1063 2954 1198 3028 viribus
1216 2954 1432 3049 impediant,
1456 2977 1570 3051 neque
1588 2978 1757 3051 compro·

453 3054 551 3129 beot.
595 3055 743 3128 Senatus
771 3056 937 3144 interim,
967 3076 1077 3146 quum
1094 3054 1165 3146 jam
1185 3050 1287 3147 supra
1304 3050 1488 3125 biennium
1507 3076 1547 3125 ea
1564 3076 1616 3125 res
1634 3076 1756 3150 agere·

452 3172 534 3246 tur,
552 3152 589 3229 &
609 3150 783 3224 Ecclesrae
802 3150 949 3220 ministri
969 3150 1184 3242 quotidianis
1203 3150 1440 3222 concionibus
1457 3150 1685 3223 vehementer
1702 3153 1758 3225 in·

453 3248 606 3341 starent,
631 3251 727 3322 cives
746 3250 853 3319 etiam
874 3246 1136 3342 supplicarent,
1163 3247 1371 3318 convocatis
1389 3248 1555 3319 omnibus
1573 3270 1618 3317 ex
1637 3270 1757 3338 more,

455 3348 517 3439 qui
544 3345 647 3418 rebus
673 3345 790 3417 arduis
816 3343 974 3415 adhiberi
992 3342 1127 3432 solent,
1152 3365 1301 3413 numero
1320 3343 1495 3432 trecenti,
1522 3365 1594 3413 rem
1614 3365 1757 3413 omnem

457 3440 582 3512 ordine
603 3458 905 3528 commemorant,
932 3441 968 3513 &
987 3441 1025 3510 in
1044 3459 1230 3533 utramque
1249 3457 1384 3532 partem
1403 3439 1525 3509 multis
1543 3437 1578 3506 in
1597 3438 1757 3509 medium

455 3532 636 3628 addudeis,
670 3535 767 3633 quiid
797 3535 822 3609 li
849 3535 991 3609 Millam
1015 3534 1199 3624 aboleant,
1226 3533 1311 3627 quid
1330 3531 1349 3605 ai
1368 3532 1505 3604 Caesare
1526 3529 1567 3601 fit
1586 3532 1766 3628 periculi,

455 3630 484 3703 sr
503 3655 576 3703 non
593 3630 745 3724 saciant,
771 3656 991 3732 quantopere
1010 3634 1109 3704 Deus
1128 3628 1352 3720 offendatur,
1375 3628 1581 3721 explicant,
1600 3628 1636 3701 ἃ
1651 3631 1755 3726 cogi⁴

456 3727 555 3801 tandi
574 3727 723 3823 spatium
742 3730 825 3825 ipfir
843 3732 1064 3827 largiuntur,
1084 3729 1121 3800 ὅ(
1135 3747 1177 3799 ut
1195 3727 1356 3801 tributim
1377 3722 1517 3796 colledii
1536 3726 1754 3821 deliberent,

454 3844 605 3924 petunt,
632 3823 706 3921 qub
724 3827 871 3917 deinde,
897 3851 1008 3924 quum
1028 3821 1142 3897 rursus
1161 3823 1398 3920 convenient,
1424 3822 1468 3893 de
1485 3826 1669 3894 communi
1688 3848 1762 3896 vo·‘

452 3926 594 4000 luntate
619 3942 725 4018 atque
751 3922 898 3995 consilio
926 3919 1107 3995 statuatur.
1151 3921 1278 4016 Quum
1304 3942 1391 4015 ergo
1411 3917 1555 3992 venisset
1573 3922 1667 4012 dies,
1692 3945 1754 3993 eo·

451 4046 531 4099 rum
551 4020 744 4110 sententia,
763 4022 823 4115 qui
836 4019 976 4092 Milsam
995 4017 1275 4113 oppugnabant,
1294 4015 1452 4113 superior
1464 4018 1600 4091 extitit.
1627 4017 1754 4110 Itaque

454 4116 507 4225 fit
523 4121 748 4211 Decretum,
782 4116 964 4194 Februarii
990 4112 1270 4287 dierigesiQ
1301 4116 1398 4201 Anni
1421 4136 1523 4212 1529.
1565 4113 1755 4304 „spadpppndi

915 4288 922 4302 .
972 4247 977 4253 '
1097 4232 1163 4310 ΕΞ
1355 4288 1358 4294 -
1567 4262 1594 4303 rr
1659 4236 1763 4289 ’Μ
