4442 5150
495 651 568 734 234
684 628 1065 710 ursonem
1108 629 1550 736 cuononem

495 764 673 864 Zwioglii
699 763 869 866 parastata
894 765 932 838 ὅ(
959 761 1051 836 fidus
1076 761 1222 857 assecla,
1255 767 1478 861 usquedum
1507 767 1555 840 A.
1576 787 1682 865 1531.
1719 792 1804 845 curn

496 863 700 962 Zwingliu's
718 865 794 938 acie
810 859 1055 952 occubuisset,
1080 882 1187 955 atque
1204 862 1384 949 literarum
1404 865 1560 938 cultores
1577 863 1598 938 d
1615 866 1739 941 multis
1753 873 1807 942 ci·

496 962 602 1035 uibus
620 963 909 1059 negligerentur,
926 959 968 1030 ad
980 961 1210 1054 Baſsieenfium
1227 961 1430 1049 cathedram
1449 963 1582 1059 pariter
1596 984 1704 1060 atque
1722 964 1807 1065 sug·

496 1059 637 1158 gestum
666 1061 711 1130 A.
727 1079 831 1153 1532.
863 1058 1096 1148 eveheretur,
1130 1056 1227 1151 apud
1252 1066 1342 1154 quos
1366 1059 1538 1155 usquead
1557 1054 1806 1158 a‘nnumqru'u·

496 1162 713 1255 quagestmum
736 1154 917 1248 secuudum
944 1176 1008 1248 per
1034 1153 1194 1250 integros
1219 1155 1352 1250 viginti
1379 1179 1488 1228 annos
1512 1157 1695 1232 Antistitis
1721 1183 1803 1232 mu·

496 1274 581 1325 nere
608 1249 751 1324 functus
779 1252 814 1321 in
834 1249 909 1343 ipso
928 1248 1095 1346 suggestu
1113 1250 1303 1347 apoplexia
1320 1250 1371 1324 est
1390 1274 1577 1348 correptus
1596 1259 1633 1331 &
1652 1280 1725 1328 non
1744 1256 1808 1331 diu

497 1346 581 1447 post
605 1348 808 1446 supremum
837 1347 932 1418 diem
960 1347 1072 1418 obiit:
1109 1345 1261 1441 Scripsit
1287 1349 1315 1419 is
1341 1353 1598 1424 Commentarios
1623 1357 1659 1424 iu
1677 1356 1806 1426 Poima

499 1447 660 1521 Glorooui
684 1449 722 1519 du
736 1451 810 1556 fitu
835 1445 1026 1528 Helvetiae3
1061 1441 1260 1534 Praeterei,
1286 1448 1478 1536 Suasorium
1492 1451 1539 1519 ud
1554 1451 1723 1532 Heivuiae
1739 1455 1805 1526 Su·

497 1547 660 1636 teodotus,
694 1551 751 1643 qui
777 1538 944 1636 Tigurinis
969 1543 1054 1612 mou
1079 1543 1315 1637 loquebantur,
1348 1559 1387 1615 ut
1412 1547 1496 1618 moli
1520 1549 1609 1642 loqui
1623 1548 1803 1642 desinerent

500 1664 515 1715 t
525 1663 605 1735 524.
624 1663 660 1735 4.
696 1646 738 1712 ln
767 1641 989 1733 Euangeliou
1014 1639 1133 1710 Murri
1149 1640 1243 1730 piam
1265 1638 1555 1735 Expofitionem.
1594 1644 1806 1738 Psalmorum

498 1737 720 1834 quorundam
739 1742 984 1825 enarrationes,
1011 1735 1048 1807 dt
1068 1735 1103 1805 in
1121 1736 1310 1829 Prophetas
1325 1741 1452 1833 aliquos
1469 1747 1704 1814 commentaria
1720 1766 1807 1817 cum

498 1835 575 1908 aliis
602 1832 831 1932 hujusmodi,
869 1832 968 1902 Nam
993 1832 1030 1904 ὃς
1055 1832 1133 1925 ejus
1157 1833 1210 1904 est
1237 1831 1408 1906 Praefatio
1426 1835 1601 1930 praemiisa
1619 1862 1803 1912 commen·
1943 1843 1945 1850 ’

499 1933 591 2004 tario
613 1931 674 2022 Jo.
693 1930 939 2022 Oecoiumpudii
963 1929 999 1998 in
1026 1922 1215 2023 Propsotas
1240 1936 1399 2020 minores,
1424 1955 1470 2002 ex
1489 1955 1559 2026 qua
1573 1937 1649 2028 ejus
1668 1936 1713 2006 de
1732 1935 1806 2010 fide

498 2025 795 2102 vera&saivifiea
811 2048 1003 2120 excerpere
1016 2026 1122 2121 juvat
1139 2024 1346 2099 sententiam
1367 2028 1420 2099 his
1438 2027 1555 2101 verbis
1565 2050 1804 2126 conceptam:

499 2122 536 2220 „⁰
546 2125 670 2198 Docet
690 2123 833 2218 (religio
851 2120 944 2209 sana)
962 2145 1112 2219 quanam
1132 2125 1269 2196 ratione
1287 2121 1518 2197 miserationis
1536 2125 1665 2201 Dei&
1681 2131 1806 2203 meriti

498 2221 679 2317 „Christi
706 2218 871 2316 posfimus
897 2218 975 2292 fieri
1000 2221 1214 2316 participes,
1246 2242 1289 2295 ut
1314 2223 1353 2294 in
1369 2221 1442 2295 hoc
1458 2223 1656 2297 mundoad
1674 2244 1806 2300 nutum

498 2373 527 2416 „
546 2320 640 2392 illius
666 2338 832 2416 agentes,
865 2315 1124 2416 postmortem
1150 2319 1314 2392 vivamus
1340 2322 1377 2392 in
1394 2338 1595 2409 aeternum,
1623 2321 1699 2396 Hic
1716 2322 1805 2398 vero

498 2461 525 2513 ,·,
543 2435 671 2513 contra
695 2439 837 2489 omnem
863 2416 1010 2489 rationis
1037 2416 1201 2488 humanae
1227 2437 1375 2512 captum
1401 2441 1474 2492 non
1492 2419 1525 2492 le
1552 2443 1608 2493 em
1627 2420 1806 2518 aliquam,

498 2539 620 2612 „non
636 2538 744 2612 opero
762 2516 872 2614 legis,
898 2511 955 2587 sed
972 2536 1077 2587 unam
1098 2512 1206 2586 fidem
1225 2516 1399 2613 proponit
1415 2513 1500 2612 Jesu
1518 2441 1678 2609 ghristi,
1701 2510 1743 2593 ut
1760 2544 1808 2595 ex

498 2666 527 2711 „
546 2636 617 2712 qua
642 2615 850 2710 proveniat,
884 2636 966 2709 quae
995 2610 1038 2684 srt
1055 2611 1252 2705 servatura,
1275 2611 1426 2709 justitia.
1468 2615 1541 2689 Sed
1557 2616 1634 2737 eius
1652 2615 1738 2693 fidei
1757 2637 1813 2693 ta·

497 2764 526 2811 ‚,
544 2711 614 2786 lem
642 2731 766 2787 monet
791 2710 860 2785 esse
883 2710 1096 2803 formulam,
1122 2728 1164 2782 ut
1182 2730 1263 2806 quoe
1282 2710 1560 2787 misericorditer
1577 2740 1598 2788 a
1617 2715 1701 2789 Deo
1719 2740 1809 2790 eon·

496 2861 526 2907 ‚,
545 2808 636 2885 cessa
661 2828 848 2910 regeneret
870 2808 1075 2900 hominem,
1090 2829 1147 2879 ex
1162 2809 1275 2881 veteri
1293 2832 1453 2902 novum,
1478 2833 1523 2883 ex
1567 2832 1733 2887 cecotore
1745 2816 1809 2910 ju·

499 2960 528 3003 „
548 2907 663 3001 stum,
687 2932 733 2981 ex
752 2910 814 2979 irae
834 2904 911 2979 filio
930 2904 1046 2977 filium
1067 2905 1139 2978 Dei
1158 2903 1398 2981 constituens:
1425 2930 1507 3004 quac
1562 2910 1808 2992 ciatomnium

497 3056 527 3099 „
545 3028 627 3099 quae
655 3004 838 3101 promittit
865 3004 900 3074 in
927 3001 1107 3100 posterum
1136 3001 1172 3096 (ὲ
1194 3002 1323 3101 quibus
1341 3002 1393 3078 est
1411 3004 1711 3102 regni-coelorum
1732 3007 1808 3077 hae·

499 3153 528 3197 „
546 3101 692 3189 reditas)
717 3100 814 3198 spem
840 3123 913 3173 non
933 3098 1237 3194 confundentem,
1262 3124 1343 3200 quae
1361 3124 1426 3199 per
1443 3100 1654 3174 charitatem
1672 3099 1809 3199 inse‘pa·

497 3249 527 3296 „
543 3198 703 3274 rabiliter
727 3218 890 3297 agnatum
916 3218 1086 3297 operetur
1108 3198 1234 3295 sponte
1251 3197 1423 3297 quicquid
1442 3196 1494 3270 est
1511 3197 1599 3296 legia
1616 3197 1810 3296 spiritualis

497 3350 528 3397 „
547 3296 633 3373 Dei.
669 3296 791 3395 Atque
807 3297 897 3371 hanc
915 3298 1071 3396 appellat
1089 3295 1198 3370 fidem
1213 3295 1495 3396 justificantem,
1521 3315 1563 3369 ut
1580 3295 1654 3389 est,
1680 3298 1717 3372 ὃ(
1736 3295 1811 3370 sula

498 3396 713 3496 „quidemr
749 3397 831 3469 na'm
857 3395 952 3493 spem
979 3396 1017 3472 &
1042 3394 1255 3468 charitatem
1280 3394 1507 3485 naturaliter,
1534 3391 1662 3469 fivera
1677 3392 1810 3489 suerit,

499 3547 529 3591 „
546 3494 653 3571 habet
671 3493 847 3593 adjundia.
873 3494 958 3569 Sola
975 3517 1104 3591 nempe
1121 3491 1299 3567 certificat
1317 3495 1361 3569 de
1378 3489 1522 3569 remiffis
1540 3492 1810 3591 propterChri·

498 3644 528 3689 „
546 3592 636 3665 stum
665 3595 840 3689 peccatis,
878 3592 913 3664 id
940 3591 1038 3687 quod
1063 3591 1160 3664 nulia
1184 3592 1326 3687 penitus
1343 3616 1453 3690 opera
1468 3590 1610 3664 ualent:
1637 3610 1744 3690 atque
1762 3593 1813 3665 ita

499 3688 776 3786 „conscientias
803 3690 989 3764 hominum
1018 3687 1224 3785 tranquillas
1250 3688 1389 3781 reddit,
1414 3689 1477 3788 qui
1495 3686 1576 3764 finis
1594 3688 1645 3765 est
1657 3686 1813 3787 justitiae

499 3839 528 3883 „
549 3785 644 3858 fidei.
689 3788 747 3860 Ex
775 3788 903 3886 quibus
928 3784 1114 3861 clarissime
1141 3803 1263 3884 patet,
1290 3785 1587 3881 justificationem
1605 3810 1724 3865 veram
1743 3787 1810 3858 ho·

499 3885 652 3982 „minis
678 3882 746 3958 esse
771 3909 814 3957 ex
834 3886 948 3985 gratia
967 3884 1040 3959 Dei
1058 3908 1122 3985 per
1140 3881 1350 3976 Christum,
1375 3886 1436 3982 qui
1453 3887 1649 3984 gratiarum
1669 3880 1809 3957 thesau-

497 4005 604 4082 „rus
631 3978 681 4055 est
709 3982 746 4058 &
775 3983 926 4082 pignus,
961 3982 1222 4057 condonatam:
1256 3982 1377 4054 vocari
1403 4003 1524 4057 autem
1542 3981 1581 4059 ὃ(
1598 3979 1667 4057 esse
1684 3975 1807 4049 fidem.

481 4135 529 4178 .„
547 4081 631 4156 Hac
659 4080 773 4180 igitur
799 4078 921 4154 habita
941 4079 1082 4179 justitia
1098 4078 1187 4153 nihil
1207 4076 1325 4171 potest
1342 4076 1410 4153 esse
1426 4082 1583 4173 certios,
1604 4072 1704 4173 qood
1720 4072 1810 4147 dum

464 4203 483 4214 ··
496 4232 534 4279 ,,.
545 4201 668 4259 verum
677 4231 693 4339 .'
717 4177 804 4283 quid
823 4180 955 4257 certitu
972 4177 1105 4257 salute?
1124 4229 1152 4275 „
1185 4173 1249 4252 Est
1267 4178 1297 4254 ia
1315 4163 1410 4255 idem
1427 4178 1511 4274 ille,
1535 4175 1599 4276 qui
1615 4173 1661 4250 de
1677 4172 1809 4345 vitgbffe
