4442 5150
453 647 624 743 A.r5tr.
779 641 819 713 R
870 639 903 713 E
954 637 997 712 N
1048 637 1086 711 Ο
1138 639 1175 714 V
1218 644 1259 718 'A
1310 645 1349 719 T
1400 638 1447 733 1⁸.¹
1518 648 1521 654 ’
1721 675 1758 742 at

453 819 479 862 ,‚
504 792 579 841 crae
607 757 819 836 testimoniis
845 755 905 831 vel
922 755 1080 830 evidenti
1096 756 1232 831 ratione
1249 761 1435 835 convidlus
1453 762 1577 859 fuero,
1612 792 1670 842 me
1688 795 1774 845 non.

454 917 482 960 „
507 860 604 963 polle
640 861 833 955 quicquam
848 894 851 899 ·
867 876 1021 948 eorum,
1054 878 1138 953 quae
1163 853 1284 1024 scripfi
1315 859 1373 931 vel
1399 861 1533 956 docui,
1568 890 1757 941 revocare:

454 1013 483 1057 ‚‚
510 985 590 1033 nam
617 976 659 1031 ut
676 952 931 1028 conscientiam
950 952 1023 1050 ipse
1041 973 1157 1025 meam
1175 977 1223 1025 vu
1239 978 1384 1051 nerem,
1416 982 1489 1031 non
1506 965 1756 1039 committam:

454 1111 484 1153 ,‚
508 1053 678 1227 pontifici
697 1070 816 1124 autem
843 1049 1016 1122 Romano
1034 1047 1073 1123 &
1090 1048 1172 1123 solis
1188 1052 1352 1125 conciliis
1367 1077 1440 1127 non
1456 1058 1586 1151 credo,
1619 1085 1686 1136 nec
1703 1064 1759 1232 ip·

453 1207 483 1252 tt
1747 1195 1761 1218 '

523 1178 626 1228 orum
655 1147 909 1223 authoritatem
928 1146 1077 1245 recipio.
1128 1146 1229 1221 Nam
1248 1148 1464 1225 &errarunt
1479 1152 1629 1251 sapius,
1659 1161 1696 1233 δι

454 1305 485 1349 „
510 1251 550 1326 bi
575 1248 659 1348 ἱρῆς
685 1244 883 1346 pugnantia
904 1241 1093 1336 dixerunt,
1127 1243 1304 1318 &errare
1330 1244 1474 1344 poliunt
1497 1268 1604 1348 atque
1625 1253 1715 1327 nui.
1731 1308 1758 1349 „

454 1351 547 1424 Hoc
569 1351 647 1446 ejus
668 1338 871 1442 responsum
897 1341 961 1414 ubi
984 1341 1169 1438 Principes
1188 1343 1225 1414 in
1242 1342 1534 1421 deliberationem
1552 1350 1755 1426 vocass‘ent:

454 1445 540 1540 ille,
572 1466 610 1518 tn
630 1441 672 1516 ἀ
697 1436 935 1529 immodestius,
963 1439 1031 1524 ait,
1061 1463 1164 1534 qnam
1190 1438 1378 1533 traiecere,
1409 1443 1450 1518 ἀ
1465 1448 1614 1541 nonsatis
1629 1449 1675 1519 ad
1690 1465 1764 1521 rem

454 1541 603 1618 Larem
624 1538 802 1638 respondes,
834 1536 873 1609 cl*
897 1534 1055 1609 librorum
1078 1556 1209 1608 enorum
1225 1536 1316 1631 facit
1329 1541 1463 1636 aliquod
1478 1544 1669 1636 discrimen:
1702 1576 1764 1621 ve·

454 1668 534 1714 ram
549 1645 583 1734 fi
602 1662 771 1715 revocares
791 1659 858 1723 eos,
890 1639 951 1728 qni
966 1658 1118 1731 magnam
1133 1661 1278 1707 errorum
1293 1656 1424 1709 enorum
1436 1661 1565 1736 partem
1584 1647 1762 1731 continent,

456 1741 559 1834 Capirr
574 1764 632 1808 non
647 1735 718 1829 effer
726 1734 955 1828 permissurus,
978 1751 1018 1802 nt
1033 1733 1079 1804 eis
1091 1755 1157 1826 que
1172 1735 1258 1804 celle
1264 1734 1388 1831 scripta
1398 1738 1496 1831 fiant,
1520 1742 1591 1810 nlla
1599 1741 1759 1835 fieretin·

448 1842 573 1929 juria.-
604 1836 732 1905 conm'lio
762 1827 992 1919 Constantienfi
1018 1832 1256 1926 quamplurimi
1276 1858 1320 1903 ex
1343 1833 1520 1908 Germania
1541 1839 1761 1934 interfuerunt

457 1943 586 2006 virtute
608 1933 649 2008 d*
673 1930 816 2001 doilrina
834 1928 1013 2026 preliantes
1032 1933 1122 2011 oiri,
1156 1951 1194 1998 ta
1214 1925 1293 2000 veri
1311 1930 1408 2022 hujus
1423 1934 1552 2007 decreu
1569 1943 1760 2020 contemnis,

456 2036 498 2113 ά
515 2055 634 2104 errores
648 2027 697 2101 ibi
713 2027 879 2097 &tanatos
895 2028 1079 2122 resuscitas,
1102 2027 1145 2102 ῥ’
1154 2030 1254 2121 fircra
1261 2029 1427 2125 siriptura
1444 2038 1498 2106 vis
1511 2041 1678 2108 convinci,-
1701 2063 1763 2110 non

455 2132 656 2223 rellefacis,
680 2125 721 2200 ά
736 2123 939 2197 vehementer
955 2130 989 2195 in
1003 2147 1038 2192 eo
1053 2121 1185 2198 deliras.
1218 2133 1313 2198 Nam
1329 2152 1396 2223 qna
1405 2133 1508 2222 final
1520 2134 1649 2225 ecclefiae
1664 2135 1760 2204 dam·

375 2236 381 2243 '
457 2235 580 2305 navit,
599 2224 640 2294 ee
654 2229 695 2295 iis
707 2225 834 2295 nnllam
850 2227 968 2294 attinet
981 2216 1150 2309 instituere
1161 2245 1278 2295 novam
1292 2224 1557 2321 disputationem.-
1580 2252 1761 2328 neqneper·

459 2320 660 2416 mittendam*
679 2318 745 2413 est,
777 2341 816 2389 nt
840 2320 882 2390 de
897 2342 1088 2414 quacunque
1103 2346 1140 2390 re
1149 2317 1212 2412 fili
1226 2326 1380 2393 ratimem
1395 2323 1492 2395 reddi
1502 2329 1636 2422 quisque
1647 2327 1759 2426 postn-

460 2424 519 2494 lec.
543 2473 547 2483 ·
569 2421 610 2495 Si
630 2423 715 2490 enim
738 2419 794 2492 hoc
808 2423 999 2513 recipiatur,
1032 2437 1069 2487 nt
1085 2441 1177 2506 enm,
1208 2424 1265 2513 qui
1280 2424 1474 2498 conciliis&
1491 2428 1616 2516 ecclessa
1630 2446 1760 2500 contra·

459 2520 563 2604 dicit,
587 2535 722 2617 oporteat
730 2521 892 2614 scriptura
907 2518 983 2587 locis
996 2522 1199 2597 convincere,
1222 2515 1307 2590 nilril
1320 2543 1466 2614 anquam
1480 2527 1544 2594 erit
1561 2547 1687 2598 certam
1696 2542 1760 2599 aar

459 2619 650 2712 definitam.-
683 2618 745 2691 lrac
770 2620 874 2713 igitar
888 2613 927 2683 dr
941 2618 1037 2710 cansa
1053 2616 1158 2707 Cafiar
1173 2612 1231 2686 aba
1247 2638 1279 2687 re
1290 2614 1448 2711 postulat,
1479 2642 1519 2691 nt
1536 2625 1619 2715 quid
1627 2622 1760 2710 statuae

459 2717 503 2790 de
518 2716 713 2794 librir'rais,
735 2716 1036 2808 apertaprennncies.
1062 2711 1354 2804 HicLutherus‚
1384 2713 1662 2810 „obsecrovos‚
1687 2723 1760 2811 ait,

462 2860 493 2908 ‚‚
518 2829 562 2891 ut
582 2832 646 2908 per
668 2833 734 2883 vos
755 2808 841 2882 mihi
857 2809 962 2885 liceat
979 2805 1345 2882 conscientiamtueri
1361 2809 1490 2880 salvam
1507 2812 1635 2885 &inte
1664 2837 1759 2886 ram:

462 2963 492 3006 ,‚
518 2907 683 3006 respondi
707 2904 936 3005 (impliciter,
968 2930 1036 2979 nec
1051 2904 1146 2977 aliud
1167 2902 1281 2977 habeo
1297 2905 1395 2999 quod
1413 2905 1550 2979 dicam:
1584 2838 1763 2986 nidcnim

462 3045 494 3106 ᾗ,
515 3008 607 3080 ueris
630 3008 669 3082 &
694 3003 716 3080 ὲ
740 3003 914 3105 scriptura
926 3002 1121 3101 desumptis
1137 3005 1357 3111 argumentis
1373 3001 1560 3081 adversarii
1579 3031 1636 3081 me
1653 3010 1763 3083 doce·

464 3156 495 3201 „
518 3106 638 3179 ant&
652 3127 808 3179 errorem
823 3101 998 3200 eripiant,
1028 3099 1106 3174 fieri
1123 3123 1196 3173 non
1210 3098 1350 3199 potest,
1383 3122 1424 3176 ut
1441 3105 1561 3177 animo
1582 3106 1644 3181 sim
1664 3127 1783 3182 tran--⁷

463 3254 492 3299 „
515 3202 651 3299 quillo:
677 3198 918 3275 demonstrare
934 3202 1028 3273 eninr
1046 3196 1209 3296 polium,
1232 3197 1477 3297 saepenumero
1492 3201 1538 3275 ab
1554 3203 1670 3280 illis&
1681 3229 1765 3304 gra·

463 3352 491 3395 „
514 3300 609 3371 viter
628 3298 697 3372 effe
718 3318 895 3371 erratum:
927 3316 969 3369 ut
984 3315 1103 3369 autem
1122 3295 1143 3368 i
1160 3294 1263 3368 sacris
1277 3298 1388 3371 literis
1405 3300 1589 3395 recedam,
1622 3318 1704 3400 quae
1723 3304 1762 3375 δε

463 3396 698 3494 „perspicua
731 3394 782 3471 est
805 3419 847 3466 ac
871 3391 944 3467 sola
970 3393 1044 3466 falli
1072 3416 1143 3465 non
1169 3392 1285 3490 potest
1308 3415 1369 3465 aut
1390 3418 1535 3486 errare,
1577 3419 1661 3468 cum
1687 3398 1762 3492 pti·

461 3547 492 3589 ‚,
516 3493 583 3565 mis
606 3495 759 3591 impium
795 3489 915 3563 fuerit.
942 3543 970 3593 „
1028 3488 1097 3563 Ille
1129 3491 1250 3586 paucis
1280 3491 1606 3583 obmurmurabat,
1647 3489 1757 3565 doce·

460 3602 494 3666 ri
526 3616 585 3661 nm
611 3596 716 3689 pepe,
753 3591 923 3661 concilium
956 3588 1054 3658 alem
1087 3587 1263 3684 aliqnando
1286 3587 1428 3680 erraffe:
1466 3585 1649 3662 Lutherus
1672 3612 1764 3665 con·

462 3711 518 3863 pra
545 3683 806 3787 profitebatur,
832 3687 868 3781 se
894 3690 934 3765 d
951 3688 1031 3785 posti
1048 3684 1096 3760 'ei
1125 3686 1227 3770 ville,
1259 3701 1366 3795 atque
1390 3684 1441 3759 ita
1464 3702 1552 3759 tunc
1577 3684 1763 3764 discessum

480 3806 548 3861 uit.
668 3816 672 3824 ·
1072 3799 1076 3808 ·

522 3895 555 3970 §.
584 3882 696 3958 XVI.
728 3880 849 3957 Caesar
884 3880 1019 3959 intered
1050 3881 1085 3955 d.
1105 3904 1188 3953 xut.
1213 3878 1348 3973 Aprilis
1371 3876 1471 3952 milia
1495 3880 1533 3954 in
1565 3884 1763 3966 concilium

461 3981 671 4080 Principum
705 3979 854 4080 epistola
881 3980 915 4054 se
947 3979 1055 4052 fidem
1092 3978 1259 4051 Luthero
1291 3977 1542 4071 servaturum,
1575 3978 1633 4052 sed
1660 3981 1766 4052 finito

459 4078 544 4155 salvi
573 4077 775 4156 conductus
804 4096 1001 4177 tempore,
1034 4072 1320 4177 proscriptorum
1347 4075 1449 4152 illum
1473 4075 1651 4177 fignificat
1669 4077 1769 4248 :CEa

1721 4199 1772 4246 20.-
