4442 5150
444 638 615 761 ‘nn-535.
780 639 1451 721 nnuovnen
1558 603 1565 621 '
1683 667 1747 745 141

443 778 571 880 primis
590 774 626 847 ὅ(
646 771 1080 872 ecclesiaArgentinensi,
1099 776 1325 850 exorirentur
1342 777 1592 851 contentiones
1608 779 1646 851 de
1659 800 1750 874 pre·

443 878 658 970 destinatione
675 872 718 953 sd
730 879 868 968 gratia,
887 870 1028 968 quando
1046 871 1103 943 vel
1121 871 1192 966 ipse
1203 877 1604 970 ChristophorusLastut,
1622 878 1750 950 Theo·

443 973 552 1072 lngus
571 968 863 1066 Argentinensis,
880 994 953 1041 non
971 966 1085 1040 solinu
1103 969 1146 1040 ab
1165 971 1229 1040 hac
1247 970 1406 1046 dodirina
1424 975 1619 1044 divortium
1639 973 1750 1068 feeit,

443 1070 502 1145 sed
525 1070 563 1142 dc
581 1069 674 1140 miro
693 1068 846 1162 quodam
867 1067 969 1156 ausu,
996 1089 1036 1137 ac
1056 1067 1269 1164 poenitendo
1287 1068 1437 1139 consilio
1456 1069 1658 1141 Lutherum
1678 1074 1754 1146 hoc

445 1169 553 1267 Opus
578 1162 783 1258 revocasse,
817 1160 952 1237 disertis
979 1163 1094 1235 verbis
1121 1164 1244 1234 Flacio
1263 1165 1467 1236 inclamavit
1488 1167 1537 1252 (a)
1574 1168 1621 1237 A.
1645 1165 1750 1262 1568.

445 1266 569 1360 Quam
595 1262 752 1335 fabulam
780 1257 869 1335 adeo
896 1259 1075 1356 explosam
1103 1281 1219 1332 tamen
1245 1262 1289 1332 ab
1315 1264 1412 1355 aliis,
1446 1264 1613 1356 deinceps
1630 1264 1752 1338 inded

446 1361 634 1458 colloquio
653 1356 976 1456 Mompelgratensi
991 1379 1156 1454 ‚repetere
1174 1382 1245 1428 non
1263 1358 1340 1431 sunt
1359 1360 1463 1431 veriti
1481 1359 1666 1454 Theologi
1682 1361 1750 1433 Tu·

443 1460 628 1558 bingenses,
663 1481 815 1554 quorum
844 1455 1032 1552 discipuli,
1065 1459 1224 1551 AEgr'dius
1243 1460 1420 1548 Hunnius,
1446 1459 1603 1552 Georgius
1620 1459 1772 1548 Mylirrs'

445 1559 485 1633 dc
510 1557 569 1629 alii
598 1554 783 1644 nonnulli,
815 1553 1016 1625 Lutnerum
1037 1572 1187 1648 propter
1204 1552 1341 1624 servum
1361 1556 1545 1626 arbitrium
1565 1558 1693 1626 erroris
1711 1555 1752 1629 ὅτ

446 1654 703 1729 calumniarum
730 1674 828 1725 reum
857 1649 912 1742 (b)
942 1671 1109 1744 peragere
1135 1673 1208 1720 non
1225 1652 1339 1723 minus
1359 1651 1546 1725 temeratio
1563 1652 1752 1725 conamine

324 1748 327 1752 Ι
419 1750 516 1827 ‘ausi
535 1751 691 1826 suerunt.
726 1766 784 1821 Koa
802 1747 891 1818 rausa
907 1777 957 1840 μεν
973 1751 1010 1824 dn
1027 1746 1125 1816 taviae.
1677 1801 1683 1806 ,

494 1862 524 1935 ς.
543 1847 674 1921 LXII.
701 1844 980 1917 Monachalrbus
999 1845 1092 1915 votis
1110 1844 1164 1914 uti
1184 1843 1386 1917 Lutherum
1405 1844 1575 1940 superiori
1595 1847 1750 1942 anno(c)

445 1945 600 2019 solutum
630 1943 806 2033 vidimus,
843 1945 893 2013 ita
919 1942 994 2012 airis
1021 1939 1146 2037 sejam
1166 1944 1282 2033 votis,
1308 1944 1365 2016 sed
1385 1944 1656 2039 conjugalibus,
1683 1948 1750 2018 ob·

445 2043 671 2142 stringebat,
712 2042 811 2113 edito
839 2039 978 2136 pridem
1006 2038 1049 2110 de
1075 2039 1176 2111 Votis
1203 2044 1399 2135 Monosticis
1425 2040 1603 2136 tradtatu‘,
1644 2062 1752 2141 atque

444 2139 734 2232 d.x111.Junii
761 2161 843 2210 curn
872 2136 1064 2208 Catharina
1089 2137 1239 2224 Bomio,
1275 2139 1294 2209 ὲ
1320 2140 1433 2209 nobili
1454 2139 1561 2235 stirpe
1578 2141 1751 2234 oriunda,

446 2261 529 2334 quae
555 2238 715 2311 monialis
734 2256 815 2346 ante
834 2234 949 2307 suerat
967 2235 1007 2304 in
1023 2233 1196 2405 ergnobio
1216 2235 1257 2308 N
1261 2234 1510 2332 imptschensr,
1537 2235 1758 2410 equoscrdum

1113 2352 1149 2428 3·
1665 2361 1687 2408 o
1714 2360 1757 2410 a·

484 2522 535 2603 (a)
560 2521 671 2586 Huncv
683 2516 750 2583 salsi
774 2530 842 2581 tum
865 2512 1038 2599 postulabat
1054 2506 1267 2581 FLACIUS
1284 2515 1314 2581 in
1333 2512 1547 2599 Responfione
1564 2515 1677 2583 Germ.
1694 2515 1753 2580 ad·

445 2606 552 2684 versus
577 2601 746 2685 Christoph.
771 2599 897 2677 Lastum
923 2601 1105 2681 deprecato
1124 2598 1214 2682 Orig.
1234 2603 1331 2663 libero
1347 2603 1469 2665 arbitrio
1486 2603 1548 2665 dcc.
1571 2601 1762 2682 asserendo,

444 2735 468 2769 „
487 2687 589 2768 quim
612 2686 651 2748 ita
674 2682 830 2749 Lutherus
857 2683 886 2747 dt
912 2702 1023 2746 omnes
1048 2679 1197 2749 Ecclesiae
1223 2680 1423 2765 Evangelicte
1439 2686 1641 2764 accusentur,
1665 2684 1751 2765 quasi

447 2813 470 2852 „
489 2786 541 2847 50.
558 2766 642 2829 retro
659 2769 885 2849 annis-nonpro
897 2765 1039 2841 veritate,
1056 2764 1105 2827 sed
1117 2784 1172 2847 pro
1182 2765 1346 2829 mendacio
1357 2783 1466 2829 contra
1476 2765 1660 2830 Pontificius
1670 2782 1753 2831 tanta

458 2902 467 2930 ,
487 2848 688 2916 contentione
703 2851 873 2935 pugnarint.
885 2898 905 2929 „
938 2845 1200 2927 JOHnNNEs
1219 2849 1297 2912 vero
1314 2850 1405 2911 etiarn
1425 2846 1749 2928 GULIELMUS,

443 2901 522 3002 bur
533 2934 696 3014 Saxoniae,
715 2933 758 2999 A.
771 2952 862 3014 1570.
888 2932 1065 3016 praefatione
1082 2932 1206 3015 corpori
1216 2932 1364 2998 dodirinae
1373 2931 1572 3014 Thuringico
1581 2928 1751 3015 promissa:

443 3020 654 3100 Audivimus,
684 3015 752 3096 ait,‘
775 3018 817 3079 ali
839 3041 890 3078 uos
912 3016 1042 3100 publicis
1059 3016 1186 3101 scriptis
1211 3015 1350 3080 Lutbero
1375 3018 1576 3080 revocationis
1598 3033 1701 3080 notam
1716 3018 1753 3082 in

443 3105 582 3167 dodriua
606 3104 642 3164 de
667 3041 865 3179 Eucharisiia
891 3100 931 3172 &
959 3102 1095 3179 deservo
1113 3102 1447 3189 Arbitrinimpingere.
1488 3101 1673 3181 Nimirum,
1697 3098 1752 3165 hoc

442 3191 508 3274 agit
525 3186 693 3268 Diabolus,
718 3202 754 3248 ut
770 3184 846 3245 alios
854 3184 984 3262 subinde
1000 3201 1092 3272 atque
1108 3185 1182 3248 alios
1190 3186 1270 3268 fidei
1284 3186 1430 3249 articulos
1447 3202 1588 3265 evertat,
1612 3209 1685 3274 quor
1701 3185 1751 3247 di·

443 3275 515 3335 trino
526 3272 601 3335 Zelo
619 3273 671 3333 vir
680 3269 745 3333 Del
754 3267 914 3335 liutherus
931 3269 1077 3349 adfinem
1094 3273 1168 3333 vitae
1184 3271 1351 3351 constanter
1367 3270 1498 3350 adsertor
1513 3271 1596 3332 nobis
1612 3268 1750 3355 reliquit.

445 3356 518 3420 Imo
532 3355 630 3436 vero,
649 3355 917 3437 quodnunquam
933 3373 1008 3416 eum
1027 3354 1142 3417 librum
1158 3358 1350 3419 revocaverit
1361 3352 1538 3431 Lutherus,
1555 3353 1662 3414 acriter
1672 3371 1762 3415 con·-

446 3440 540 3503 tendit
565 3439 665 3503 Conr.
688 3433 1224 3516 SCHLUSSELBURGIUS,
1264 3435 1391 3501 Dodor
1415 3433 1695 3499 Lutneraniffimus
1721 3435 1754 3499 in

444 3525 536 3591 catal.
553 3524 655 3586 haeret.
674 3520 726 3583 lib.
738 3520 799 3585 IV.
816 3543 846 3602 p.
859 3538 929 3601 254.
950 3520 1001 3582 ubi
1018 3521 1096 3582 hanc
1111 3520 1250 3582 sabulum
1262 3522 1475 3595 mendacium,
1493 3518 1625 3596 appellat
1636 3516 1752 3599 perin-

436 3604 573 3690 fignm,
591 3602 847 3691 impudentem&
855 3603 976 3686 prorsus
994 3601 1172 3664 diabolicam
1181 3602 1322 3686 fingendi
1334 3601 1510 3677 licmtiam,
1527 3601 1763 3683 excogitatum,

445 3705 540 3771 atque
562 3703 715 3773 provocat
737 3687 780 3750 ad<
799 3686 1043 3754 commentarios
1061 3686 1090 3748 in
1109 3684 1256 3762 Genefin,
1280 3702 1430 3765 tanquam
1447 3701 1601 3766 cygneam
1621 3681 1752 3754 Lutneri

445 3775 641 3854 cantionem,
659 3793 733 3855 quau
747 3791 784 3835 ex
802 3770 910 3834 amussi
928 3766 1103 3835 dodrinam
1120 3767 1251 3832 Lutneri
1271 3768 1407 3847 deservo
1423 3768 1551 3828 arbitrio
1568 3770 1751 3849 confirmet,

444 3874 568 3922 tanturn
590 3858 696 3936 abest,
726 3854 808 3919 uris
830 3854 1035 3935 judicaverit,
1067 3853 1155 3935 quod
1180 3850 1406 3916 hodiernorum
1429 3850 1683 3917 Lutheranorum
1707 3854 1765 3921 cst:

413 4016 416 4019 ⁴
442 3964 655 4036 moyam,
684 3940 772 4022 quod
793 3939 823 4002 in
842 3936 1071 4006 commentario
1087 3937 1126 4000 ad
1145 3934 1282 3999 Genesin
1300 3933 1457 4000 lantherus
1474 3938 1552 4001 hanc
1568 3939 1599 4002 in
1617 3938 1695 4002 libro
1712 3938 1765 4004 de.

443 4040 534 4107 servo
551 4040 676 4104 arbitrio
694 4038 868 4102 dositinam
887 4036 1045 4113 assertam,
1068 4041 1121 4100 vel
1139 4036 1329 4114 elimaverit,
1353 4041 1404 4101 vel
1420 4039 1641 4103 immutaverit.

486 4124 539 4202 (b)
564 4124 629 4184 vid.
656 4122 800 4188 Danielis
827 4119 1103 4186 HOFMANNI
1129 4120 1291 4208 Theologi
1315 4123 1569 4191 Helmssadieofis
1590 4120 1772 4209 Apologia.

446 4206 537 4292 μόι.
556 4206 586 4272 &
603 4204 655 4270 81.
686 4208 766 4290 apud
785 4204 1085 4291 8ου1ῐεῑυῐιιρ.3ς,.

487 4291 549 4379 (ς)ι
563 4290 651 4358 conf.
669 4290 700 4379 §3
712 4288 806 4356 LIV.
823 4308 854 4373 p.
867 4302 954 4373 ¹24·st
