4442 5150
411 611 628 738 anos.
767 641 1401 721 uuxuovnur.
1570 661 1577 671 ’
1691 643 1777 755 207·

459 797 504 847 ex
524 774 601 865 his,
626 772 688 869 qui
706 772 910 872 Papismum
931 773 1166 868 reliquerant,
1191 798 1280 847 unus
1300 775 1338 849 ὅ(
1356 778 1464 870 aster,
1490 778 1707 858 authoritate
1724 789 1763 860 in

458 871 598 968 populo
623 871 770 963 valens,
813 869 926 942 forsan
951 872 1057 942 etiam
1085 872 1158 942 duo
1184 894 1298 943 tresve
1324 872 1344 944 ὲ
1370 873 1559 948 όοᾶοῐυῐιι
1587 903 1762 976 numero,
1868 912 1873 921 ’

459 990 612 1064 quorum
626 969 734 1039 animi
747 966 1028 1038 accusationibus
1041 968 1243 1062 hujusmodi
1260 969 1497 1043 Ecclesrarum
1513 975 1761 1055 innocentium

458 1062 715 1160 abriperentur.
743 1064 840 1136 Nam
861 1062 1169 1136 lenocitationis
1188 1088 1317 1136 nomen
1331 1067 1547 1141 accusatores
1561 1070 1760 1168 habebant,

458 1161 495 1235 &
514 1162 596 1233 duae
615 1182 806 1252 reserant,
825 1184 905 1253 quae
924 1159 1029 1231 fidem
1049 1160 1200 1255 aliquam
1219 1162 1403 1231 conciliari
1424 1164 1520 1258 posse
1534 1166 1759 1245 videbantur.

457 1256 604 1330 Etenim
622 1259 906 1350 Anabaptirmus‚
933 1279 1130 1351 quanquam
1151 1255 1315 1329 tenuibus
1332 1258 1532 1331 adhucdum
1554 1264 1662 1334 initiis
1682 1285 1761 1340 tum

398 1406 408 1419 ,
456 1355 615 1451 primurn
636 1355 672 1423 in
692 1354 756 1426 hac
776 1356 922 1449 regione
939 1353 973 1426 se
991 1353 1193 1448 proferens,
1218 1355 1280 1450 qui
1301 1354 1449 1450 stragem
1469 1357 1647 1451 prioribus
1663 1365 1765 1444 annis

452 1452 521 1546 'per
547 1449 777 1523 Germaniam
803 1451 969 1539 dederat,
1003 1449 1270 1522 obtrestationis
1297 1453 1476 1522 materiam
1505 1473 1629 1526 contra
1655 1452 1759 1531 inuo-.

459 1564 580 1620 centes
608 1545 805 1642 praebebat.
848 1547 897 1618 Et
915 1546 1069 1620 Andreas
1087 1547 1335 1639 Caralstadias,
1362 1571 1559 1646 quanquam
1580 1553 1760 1648 privatus,

458 1642 497 1716 &
522 1644 610 1714 vitae
637 1642 778 1715 rusticae
806 1640 838 1714 se
856 1642 937 1715 dare
955 1642 1165 1732 meditatus,
1192 1644 1314 1714 odium
1335 1664 1452 1715 tamen
1471 1648 1761 1726 Lutheranorum

457 1741 642 1830 omnium,
678 1741 715 1812 dt
742 1741 909 1811 invidiam
930 1741 1082 1810 nominis
1103 1742 1318 1830 Monetarii,
1344 1741 1636 1839 tumultuumque
1655 1749 1760 1819 rusti·

457 1857 651 1926 canorum,
687 1836 771 1908 licet
797 1837 904 1931 culpa
928 1859 1084 1926 vacuus,
1119 1859 1334 1932 quocunque
1358 1840 1515 1929 veniret,
1543 1837 1659 1913 secum
1687 1864 1758 1915 tra·

458 1931 564 2023 bens,
590 1931 752 2029 hospitio.
766 1933 870 2028 hujus
888 1934 963 2026 agri
982 1931 1061 2004 usus
1077 1930 1151 2004 effe
1163 1932 1363 2028 aliquandiu
1383 1933 1633 2031 ferebatur(a).
1659 1939 1760 2015 Hinc

457 2030 591 2126 quippe
615 2031 801 2102 calumniae
828 2027 1103 2101 arcessebantur:
1134 2032 1212 2101 haec
1230 2030 1356 2102 idonea
1374 2031 1589 2124 putabantur
1606 2035 1648 2105 ad
1667 2037 1760 2110 invi·

456 2125 550 2198 diam
570 2125 740 2199 Eccleiiis
760 2126 977 2215 insontibus,
1004 2125 1059 2197 sed
1078 2125 1115 2196 in
1133 2126 1400 2199 verbaLutberi
1419 2153 1491 2201 non
1504 2131 1654 2224 juratis,
1672 2157 1761 2204 con·

457 2220 622 2296 flandam.
657 2223 721 2297 Ob
739 2248 819 2320 quae
838 2222 1062 2294 Ecclesiastae
1080 2224 1256 2318 permoti,
1275 2226 1336 2320 qui
1354 2245 1430 2296 tota
1449 2229 1595 2323 regione
1613 2230 1760 2301 consen·

456 2315 533 2392 sum
553 2319 738 2418 pristinum
758 2318 970 2411 tuebantur,
992 2321 1027 2390 in
1045 2319 1174 2414 quibus
1187 2322 1356 2411 Emdani,
1374 2325 1555 2412 Nardani,
1574 2329 1761 2419 Auricani,

458 2418 700 2509 Oldarshemii,
728 2419 962 2514 Jemgumaai,
989 2420 1154 2507 Laerani,
1182 2417 1386 2505 Weneratri,
1413 2421 1614 2512 Lar'srtatu',
1631 2422 1762 2520 aliique

455 2513 493 2587 in
509 2537 598 2612 agro
616 2515 785 2609 Amasanr
802 2534 922 2606 erant,
942 2511 1205 2586 Confessionem
1224 2511 1307 2586 fidei
1321 2512 1540 2588 &doctrina
1559 2515 1628 2590 suae
1648 2519 1700 2592 his
1717 2519 1762 2593 de

455 2610 561 2684 rebus
580 2608 838 2705 conscriptam,
865 2613 901 2685 δι
922 2612 1069 2706 triginta
1086 2609 1199 2682 tribus
1217 2610 1395 2706 capitibus
1412 2611 1579 2686 brevibus
1595 2639 1760 2711 compre·
1808 2668 1811 2674 »
1914 2678 1920 2683 ,

456 2705 597 2779 hensam
613 2706 797 2782 ediderunt
813 2711 848 2780 in
869 2710 1008 2797 iucem,
1037 2706 1172 2779 fluente
1190 2707 1305 2778 mense
1324 2707 1530 2780 Novembri
1548 2709 1645 2782 istius
1657 2714 1738 2783 anni
1747 2743 1768 2802 ‚=

457 2825 532 2898 quo
554 2802 738 2878 Edzardus
754 2804 904 2878 decessit.
944 2802 1152 2877 Voluerunt
1167 2804 1262 2877 enim
1281 2802 1430 2899 publico
1450 2803 1625 2899 Symbolo
1641 2807 1761 2883 testari
1807 2866 1815 2876 .

457 2898 720 2976 consensionem
747 2903 783 2977 bt
811 2903 1051 2975 innocentiam
1077 2899 1171 2973 suam
1199 2921 1325 2973 contra
1345 2898 1622 2992 musitatores,
1649 2905 1685 2976 &
1705 2927 1760 2976 re·

455 3000 608 3093 primere
626 3022 760 3072 errores
779 3020 1022 3095 emergentes,
1039 2999 1076 3071 &
1096 2996 1309 3071 confirmare
1326 2999 1432 3071 etiam
1450 2996 1550 3091 suos,
1569 2998 1593 3071 fi
1613 3002 1674 3095 qui
1693 3024 1761 3073 nu·

456 3114 581 3170 tarent.
633 3094 852 3170 Confessroni
888 3098 923 3167 in
956 3093 1181 3190 frontispicio
1201 3095 1303 3168 bunc
1329 3095 1475 3169 titulum
1502 3096 1760 3192 praefixerunt:

455 3195 590 3269 Samma
616 3196 659 3277 ssi
686 3194 831 3289 canfrffio
856 3195 1011 3265 doctrina
1028 3193 1297 3287 Ecrlttiastaram
1315 3201 1350 3266 in
1368 3195 1478 3288 Frista
1494 3196 1689 3284 Orientali,
1714 3219 1779 3293 ert⁸
1824 3204 1826 3208 ’

455 3312 524 3385 qua
542 3293 662 3364 videre
682 3291 790 3381 licet,
815 3314 959 3361 cosnec
979 3290 1226 3379 Sacramenta,
1252 3315 1316 3362 nee
1336 3292 1408 3362 Dei
1428 3291 1576 3362 verbum
1595 3311 1759 3363 contem·
1842 3311 1856 3344 κ’

456 3409 562 3477 nere,
595 3408 636 3460 ut
662 3386 751 3460 salsb
777 3388 901 3458 iisdem
930 3388 1154 3481 impingitur.
1198 3387 1248 3458 Et
1267 3388 1397 3481 pagina
1414 3386 1529 3477 versa,
1556 3387 1635 3456 haec
1654 3384 1762 3457 verba

457 3482 712 3574 praemiserunt.
739 3489 874 3560 Samma
892 3486 1067 3572 dotirinae,
1086 3507 1251 3578 quartanas
1264 3481 1760 3575 EccsefiastaeinFrr'fiaOrien·

458 3580 523 3648 tali
540 3585 740 3653 unanimiter
755 3585 921 3673 daremus,
936 3587 1055 3673 parati
1070 3591 1187 3676 quouis
1199 3599 1338 3673 tempore
1348 3582 1679 3670 prolixiasratt'rnettt
1691 3579 1762 3673 ejas

457 3700 498 3748 ex
525 3674 596 3744 Dei
615 3680 875 3751 uerboreddrre.
919 3680 1064 3751 Summa
1082 3675 1168 3748 verb
1189 3679 1281 3749 iliius
1300 3676 1378 3746 haec
1395 3674 1484 3745 fuit:
1528 3725 1555 3765 „
1574 3674 1762 3750 Christum

455 3821 483 3864 ,‚
505 3768 618 3843 solum
638 3771 675 3846 ὅ(
692 3774 836 3847 unicum
855 3774 923 3850 effe
939 3773 1143 3867 aouorera,
1161 3772 1321 3866 sontem,
1340 3770 1474 3844 causum
1488 3768 1606 3846 salutis
1615 3772 1761 3859 nosttaea

1091 3933 1094 3938 .
1636 3896 1763 3965 „uur-

497 4016 546 4094 (a)
573 4013 641 4095 Ipse
668 4011 825 4079 Lutherus
850 4015 880 4079 in
905 4013 967 4102 Epi
991 4016 1033 4081 A.
1055 4033 1147 4096 1529.
1178 4015 1209 4076 d.
1225 4014 1255 4076 6.
1274 4011 1358 4094 Maii
1374 3997 1650 4099 'scripranuj'rrs'iet
1665 4016 1762 4078 fidetn

456 4095 545 4161 facit:
571 4098 598 4160 C
600 4096 795 4180 arolostadius
812 4097 898 4161 latur
915 4101 955 4174 &
972 4099 1165 4185 triumphans
1182 4100 1214 4158 in
1231 4094 1327 4175 Frisia
1345 4101 1489 4162 concedit.
1513 4099 1549 4164 V
1544 4100 1645 4161 aravit
1661 4098 1762 4160 literis

451 4179 586 4261 gsor'iofis
612 4182 653 4255 Β
674 4180 892 4266 gratulatoriis
916 4207 1044 4267 uxorem
1068 4182 1162 4260 adse.
1194 4181 1318 4244 Scilicet
1334 4190 1415 4248 navi
1428 4186 1559 4267 monstra
1574 4182 1656 4245 nabis
1673 4180 1763 4251 cadet

447 4262 561 4341 strar!
583 4286 616 4330 v.
633 4263 791 4334 BUDD.
808 4262 973 4350 Supplem.
991 4265 1087 4352 Epist.
1106 4264 1205 4334 Luth.
1222 4265 1314 4350 p.6,4.
1380 4323 1383 4328 .
1418 4331 1422 4340 ,
1452 4285 1456 4294 ·
1506 4304 1509 4312 ·
