4442 5150
510 646 578 726 302
634 614 636 619 ’
696 617 1081 700 HISTORIA
1126 614 1571 700 EVANGELII
1648 624 1822 728 ΛΑΜ.

509 758 580 831 lare
597 776 714 829 tamen
732 754 916 843 dolorem,
934 771 1039 847 atque
1055 748 1100 820 de
1117 747 1355 846 disputatione
1373 752 1529 850 impigre*
1548 753 1821 837 incundafidtm

509 857 610 928 dare:
649 855 735 927 Erat
760 851 848 924 vero
875 852 981 922 etiam
1007 847 1049 918 ad
1078 849 1357 946 uniuscujusque
1374 848 1520 923 foederis
1539 878 1704 950 proceres
1721 861 1822 936 misia

509 955 666 1050 legatio,
700 975 768 1047 qua
794 974 839 1021 ex
864 948 1067 1042 unoquovis
1085 947 1181 1035 duo,
1207 950 1269 1041 qui
1288 949 1472 1041 colloquio
1491 950 1693 1028 interessent
1711 978 1822 1055 atque

509 1052 552 1124 de
581 1050 729 1123 visloria
756 1073 821 1146 pto
846 1045 994 1116 arbitrio
1018 1044 1242 1138 judicarent,
1279 1045 1543 1134 invitabantur3
1572 1051 1707 1125 Aderat
1723 1053 1821 1152 dies,

506 1170 614 1246 atque
630 1143 682 1219 'ab
711 1143 1012 1241 Evangelicorum
1040 1161 1141 1238 parte
1168 1143 1298 1234 primas
1322 1143 1463 1216 tenebat
1482 1149 1819 1244 Johannes·Comon·

506 1249 587 1339 der,
622 1268 704 1319 cum
732 1247 890 1337 Philippo
916 1244 1048 1315 Salutio
1075 1239 1124 1330 (a)
1155 1238 1411 1331 Viro-juvene
1439 1242 1683 1319 facundissimo
1710 1270 1821 1350 atque

508 1340 804 1440 praestantissimo.
848 1335 1119 1433 comparebant
1144 1359 1289 1432 quoque
1317 1339 1492 1434 Episcopi
1521 1345 1687 1439 Curionſss
1705 1347 1818 1423 Vica·

507 1445 603 1533 rius,
630 1446 667 1515 dt
689 1441 808 1513 Abbas
830 1438 866 1510 S.
885 1439 986 1508 Lucii
1003 1457 1086 1506 cum
1110 1433 1159 1504 Ι).
1178 1436 1423 1508 Bartholomaeo
1441 1443 1463 1510 ὰ
1483 1440 1599 1533 Castro
1617 1467 1709 1518 muro
1726 1446 1818 1521 Pro·

508 1542 690 1612 tonotatio
715 1535 951 1634 Apostolico,
978 1531 1172 1626 multisque
1189 1533 1263 1605 aliis
1282 1534 1476 1608 Canonicis
1494 1539 1529 1609 ὅ(
1550 1539 1819 1621 Sacerdotibus.

509 1639 763 1711 Convenerunt
788 1629 874 1707 vero
892 1634 999 1703 etiarn
1019 1652 1122 1724 quam
1143 1630 1248 1702 multi
1267 1631 1348 1723 alii,
1375 1653 1482 1728 atque
1501 1637 1592 1707 inter
1611 1637 1676 1712 hos
1694 1642 1818 1739 Tigu·

505 1738 666 1809 tinorum
695 1756 839 1829 quoque
866 1730 979 1824 legati·
997 1730 1072 1801 seb.
1092 1725 1332 1822 Hofmeistorus
1350 1729 1405 1822 (b)
1428 1734 1468 1803 dc
1483 1734 1544 1825 Jo.
1563 1736 1712 1828 Jacobus
1729 1748 1818 1815 Arri·

505 1860 643 1925 manos,
679 1833 836 1928 Linguae
865 1827 1010 1898 Graecae
1038 1823 1239 1911 Professor3
1276 1827 1410 1923 Neque
1437 1848 1554 1900 tamen
1574 1830 1639 1928 ipsi
1658 1835 1818 1913 licetin-

505 1934 609 2004 vitati
637 1932 854 2025 reliquorum
884 1922 1063 1996 foederum
1090 1921 1282 2015 Proceres,
1317 1926 1494 1998 incertum
1519 1929 1649 2023 quibus
1667 1937 1817 2009 rationi·

506 2028 594 2121 bus,
630 2025 723 2099 dista
744 2027 801 2098 die
819 2024 983 2095 aderant:
1021 2019 1074 2088 ua
1092 2042 1145 2089 tes
1164 2022 1290 2114 primae
1310 2022 1529 2096 cavillationi
1548 2027 1641 2101 inter
1659 2031 1817 2108 Pontifi-

505 2127 581 2198 cios
606 2126 665 2220 qui
696 2124 794 2196 omni
821 2143 892 2218 ope
913 2116 1136 2212 colloquium
1156 2116 1422 2212 detreuabant,
1449 2119 1563 2195 ansam
1582 2125 1701 2223 dedit,
1726 2131 1816 2205 alte·

504 2246 577 2296 ram
599 2243 788 2318 captarunt
806 2243 850 2292 ex
869 2242 934 2308 eo,
960 2215 1055 2312 quod
1076 2213 1238 2289 interesse
1255 2218 1567 2300 viderenturshuic
1585 2223 1818 2320 disputationi

504 2322 706 2418 peregrini,
740 2341 846 2418 atque
864 2312 1075 2410 cumprimis
1094 2312 1291 2409 Tigurini,
1317 2316 1530 2412 quibuscum
1550 2319 1584 2394 se
1600 2324 1733 2397 nullam
1753 2327 1818 2402 ha·

503 2418 586 2492 bere
613 2445 686 2492 rem
716 2418 807 2494 velle
834 2413 1056 2512 ter‘giversati
1075 2407 1178 2497 sunta
1207 2412 1426 2508 Enimvero,
1454 2418 1540 2491 dum
1560 2421 1597 2494 ὃ(
1616 2420 1696 2496 haec
1713 2421 1817 2523 supe·

503 2539 579 2591 rata
606 2517 690 2592 essct
718 2515 920 2606 cavillatio,
949 2531 1056 2608 atque
1074 2510 1248 2607 Tigurini
1267 2510 1389 2585 senon
1408 2512 1543 2591 astores
1562 2516 1620 2592 sed
1637 2521 1816 2601 auditores

503 2617 542 2691 &
560 2615 772 2713 speslatotes
791 2615 897 2711 hujus
916 2611 1046 2685 fabulae
1066 2609 1207 2683 futuros
1225 2610 1432 2706 assererent,
1451 2614 1571 2688 denuo
1590 2620 1729 2695 nullum
1744 2647 1818 2699 non

502 2736 696 2789 moverunt
722 2715 874 2812 lapidem
903 2708 1112 2799 Pontificii,
1146 2730 1190 2780 ne
1207 2707 1250 2779 ad
1270 2707 1453 2806 publicam
1473 2716 1549 2787 veri
1567 2716 1817 2819 investigatio·

502 2837 584 2887 nem
607 2814 855 2904 deveniretur,
882 2826 1144 2905 praetexentes,
1171 2830 1315 2879 omnem
1336 2809 1433 2881 illam
1451 2833 1532 2908 quae
1552 2813 1612 2889 hic
1631 2818 1818 2917 impende·

501 2933 625 3005 retur,
660 2929 804 3008 operam
834 2906 902 2983 esse
929 2927 1046 2979 tamen
1071 2902 1389 2999 supervacaneam,
1425 2933 1510 2981 cum
1537 2936 1611 2985 non
1636 2939 1682 2988 ex
1710 2918 1817 3015 hujus

500 3008 748 3104 disputationis
781 3008 838 3079 vel
866 3003 1014 3077 arbitrio
1042 3000 1099 3073 vel
1124 3022 1256 3074 eventu
1282 3008 1455 3102 componi
1482 3005 1546 3079 ista
1571 3011 1616 3082 de
1640 3014 1818 3112 religione

502 3106 690 3179 contentio
717 3104 854 3200 posset,
883 3103 1019 3196 quippe
1037 3121 1120 3171 cum
1142 3099 1221 3171 haec
1237 3100 1378 3197 judicio
1398 3105 1646 3180 Comitiorum
1667 3111 1817 3205 Imperii

501 3205 559 3277 vel
593 3204 844 3276 Conciliorum
872 3198 1047 3272 Ecclesiae
1073 3196 1131 3267 vel
1157 3196 1445 3274 Univerfitatum
1474 3201 1814 3282 &Academiarum

499 3301 731 3397 relinquenda
748 3299 877 3374 essent:
915 3298 967 3371 At
984 3291 1072 3368 vero
1091 3320 1174 3367 curn
1194 3295 1228 3368 in
1248 3298 1344 3373 hisce
1364 3297 1692 3394 acuendorum,
1719 3304 1815 3380 haud

498 3428 623 3500 parum
643 3400 817 3499 temporis
831 3401 905 3494 jam
926 3392 1110 3495 profusum
1129 3392 1236 3487 esl'et,
1262 3396 1403 3468 tandem
1422 3396 1625 3491 Comanisor,
1644 3400 1688 3472 ad
1703 3402 1814 3480 trium

498 3502 792 3594 confoederatorum
828 3500 975 3575 Rhaetiae
1008 3495 1176 3569 Ordinem
1209 3493 1393 3567 decretum
1422 3515 1653 3592 provocans,
1696 3501 1815 3587 collo,-

497 3602 622 3695 quium
652 3599 831 3694 postulat,
874 3650 901 3691 ‚,
920 3594 1045 3691 seque,
1080 3616 1164 3665 cum
1189 3586 1391 3703 gravissime
1418 3588 1462 3661 stt
1489 3592 1673 3672 accusatus
1694 3602 1814 3675 vario.
1937 3667 1942 3675 ,

498 3748 527 3790 ,,
546 3720 696 3795 rumque
718 3696 912 3772 criminum
937 3690 1181 3783 insimulatus,
1206 3713 1283 3784 ejus
1309 3685 1541 3764 accusationis
1560 3695 1812 3791 probationem

523 3820 526 3825 ·
1704 3821 1813 3894 „ex-

538 3952 589 4033 (a)
614 3971 646 4015 v.
664 3948 719 4017 De
734 3970 775 4019 eo
791 3973 862 4036 qua
878 3956 916 4022 ad
933 3954 963 4039 ᾗ.
975 3952 1052 4022 011.
1075 3972 1106 4035 p.
1118 3946 1190 4033 283.
1213 3946 1295 4015 diua
1310 3947 1392 4014 sunt.
1474 4023 1485 4042 .

537 4039 590 4121 (b)
617 4037 646 4102 ls
672 4038 734 4119 est,
767 4038 822 4123 qui
846 4039 939 4125 hujus
957 4034 1184 4124 Disputationis
1200 4032 1281 4100 Assa
1296 4033 1410 4119 scripto
1427 4039 1623 4121 consignavit
1636 4054 1731 4124 atque
1742 4039 1813 4122 jam

495 4115 540 4185 A.
553 4122 645 4203 1526.
669 4122 717 4188 cdi
735 4123 873 4192 cutavit:
903 4125 1057 4277 ffiuorum
1074 4121 1215 4188 iteratam
1231 4119 1262 4186 ἀ
1277 4122 1383 4275 quoad
1421 4123 1506 4189 ritca
1524 4125 1694 4191 locutionis
1709 4125 1811 4190 soloe·

495 4203 614 4374 qisqqros
640 4209 841 4281 emendatam
864 4208 903 4278 cd
937 4226 1034 4277 oaeta
1056 4208 1147 4277 nobis
1171 4204 1256 4275 dedit
1311 4201 1379 4278 UE
1410 4204 1477 4278 SI..
1501 4210 1524 4274 l.
1547 4228 1577 4278 c.
1603 4207 1713 4297 apag.
1732 4225 1811 4296 337·
