4442 5150
431 673 601 773 κω
741 669 1380 750 nnnovnrt
1674 694 1744 784 m

431 806 486 880 hil
510 830 556 880 ex
584 805 622 879 S.
643 803 680 878 S.
708 801 883 896 adferret,
917 800 1023 876 facile
1042 801 1156 875 vibius
1174 801 1280 896 esset,
1306 807 1344 880 &
1363 829 1436 879 non
1455 803 1526 880 fine
1543 807 1742 906 ignominia

432 904 520 977 loco
538 901 664 976 cedere
683 912 875 997 cogeretur
887 900 1106 998 :.Synodus,
1127 903 1190 983 cui,
1199 903 1368 999 Princeps
1387 928 1468 976 cum
1481 906 1743 985 Proceribus&

432 998 754 1075 Ministris'aulicis
772 997 842 1070 una
860 1022 943 1070 cum
963 996 1133 1070 universae
1145 996 1275 1071 l-laffiae
1294 1002 1413 1091 clero,
1434 1003 1470 1074 bt
1482 1007 1635 1075 maxima
1646 1030 1741 1103 prae·

430 1117 528 1173 terea
553 1097 704 1170 aliorum
734 1097 920 1169 hominum
946 1095 1198 1187 multitudine,
1226 1097 1415 1170 intererant
1433 1099 1633 1192 auditores,
1660 1102 1742 1199 post

431 1196 631 1270 triduanam
643 1195 740 1265 illam
751 1194 1016 1287 Collationem,
1035 1192 1346 1265 Reformationem
1358 1193 1535 1286 decrevit,
1549 1198 1685 1290 (cledtis
1696 1202 1741 1274 ad
1843 1194 1848 1205 ’

430 1289 1742 1387 eamcausamnonnullis,quiexverbodominidelinirent,utiLambertus

431 1390 617 1488 loquitur,
643 1413 724 1487 quae
743 1390 779 1461 in
798 1388 967 1461 universis
986 1387 1177 1460 Heliorum
1196 1387 1352 1461 ecclesris
1370 1391 1592 1465 reformanda
1600 1399 1739 1489 crant,)

429 1491 580 1586 ejusque
607 1487 756 1560 modum
784 1487 821 1560 dt
840 1487 1015 1558 rationem
1034 1484 1169 1581 scripto
1187 1484 1413 1582 consignavit
1433 1489 1505 1578 (a).
1549 1490 1739 1588 ADispu·

432 1588 571 1659 tatione
595 1584 656 1657 illa
681 1584 929 1681 Landgravius
956 1581 976 1655 ὲ
996 1583 1270 1656 monasteriis&
1290 1584 1469 1658 coenobiis
1489 1588 1741 1664 monachos&
1844 1642 1846 1647 s

432 1682 624 1758 monachas
659 1684 757 1754 exire
779 1679 908 1778 jussit,
951 1680 1083 1753 reditus
1111 1680 1414 1753 Monalleriorum
1440 1681 1484 1755 ad
1509 1684 1740 1760 Academiam

428 1779 730 1878 Marpurgensem
750 1803 830 1876 quae
852 1780 959 1875 Anno
977 1777 1135 1873 sequenti
1159 1799 1266 1871 ¹527·-
1287 1779 1513 1875 erigebatur,
1541 1782 1577 1855 ὅ(
1595 1783 1637 1853 ad
1653 1808 1740 1880 qua·

432 1892 518 1952 tuor
544 1878 769 1951 Nosocomia
794 1876 996 1967 transtulit,
1022 1874 1117 1946 idola
1134 1874 1154 1947 ἐ
1173 1874 1316 1969 templis
1334 1877 1442 1974 ejecit
1462 1877 1542 1970 (b),
1570 1880 1744 1956 Ecclefiia

433 1975 581 2074 fingulis
599 1974 689 2048 fidos
708 1974 862 2070 pastores
882 1974 1068 2069 praefecit:
1098 1975 1240 2045 Adamo
1259 1994 1377 2046 autem
1394 1976 1546 2050 Cratoni
1564 1974 1740 2053 doetrinae

428 2074 626 2163 &rituum
645 2071 817 2167 inspedlio
837 2071 907 2144 fuit
926 2072 1067 2144 tradita.
1690 2097 1692 2101 ·

479 2183 511 2257 §.
530 2171 659 2244 LXX.
687 2171 746 2242 De
774 2169 1037 2244 SAXONIAE
1063 2191 1127 2264 per
1151 2167 1351 2261 Johannem
1379 2167 1606 2264 Elestorem,
1636 2175 1743 2269 cujus

430 2268 523 2341 mite
538 2269 640 2342 nimis
658 2269 842 2365 ingenium
862 2265 964 2339 fuisse
981 2265 1153 2356 refertur,
1169 2267 1445 2339 Reformatione
1455 2268 1616 2342 ulteriori
1627 2274 1743 2345 multa

435 2363 593 2462 proferre
619 2364 787 2439 hastenus
814 2365 918 2437 nobis
941 2388 1015 2436 non
1042 2364 1151 2452 licet,
1186 2363 1221 2435 id
1248 2383 1365 2436 tamen
1391 2364 1579 2438 obtentum
1599 2366 1672 2461 est,
1697 2387 1742 2443 ut

430 2462 645 2538 Proceribus
661 2487 706 2535 ex
718 2461 950 2554 Nobilitate,
969 2462 1031 2558 qui
1047 2462 1263 2558 superiorem
1280 2461 1573 2554 Jurisdietionem
1591 2465 1744 2560 habent,

427 2561 471 2637 ὅτ
496 2562 611 2659 vulgo
640 2559 860 2634 Schristsaffii
886 2563 1138 2651 nominantur,
1172 2559 1243 2632 hoc
1260 2585 1353 2632 anno
1371 2561 1642 2681 injungeretur,
1667 2588 1745 2663 quo

459 2658 696 2730 rdinationem
725 2658 843 2730 Missa:
871 2659 924 2751 (c)
966 2656 1159 2730 secundum
1187 2654 1377 2728 formulam
1406 2682 1425 2728 a
1452 2662 1536 2731 viris
1562 2661 1676 2734 dodlis
1702 2663 1742 2737 &

430 2684 621 2852 leripturae
641 2755 763 2852 peritis
781 2755 1017 2852 conscriptam
1036 2752 1236 2853 pastoribus
1253 2752 1321 2827 suis
1337 2776 1597 2851 proponerent:
1619 2758 1742 2929 Quid}

1641 2878 1715 2951 quo

473 2984 523 3063 (a)
549 2979 661 3066 Scripsi
681 2979 774 3062 hujus
791 2981 900 3047 titulus
918 2982 980 3047 est:
1004 2980 1197 3063 Reformatio
1213 2978 1420 3058 Ecclestarum
1436 2978 1548 3063 Haffiae
1557 2981 1658 3064 juxta
1674 3004 1742 3046 cer·

430 3064 576 3146 tiffimam
600 3068 779 3129 Sermonum
806 3062 870 3127 Dei
895 3067 1051 3162 regulam,
1078 3068 1219 3128 ordinata
1236 3068 1269 3127 in
1285 3065 1455 3127 venerabili
1470 3067 1584 3156 Synodo
1594 3083 1652 3152 per
1669 3066 1744 3130 Cle·

430 3149 646 3231 mentiffimum
670 3149 834 3232 Heſjorum
860 3150 1041 3235 Principem
1066 3149 1249 3238 Philippum
1272 3150 1312 3214 A.
1334 3150 1425 3228 1526.
1449 3149 1479 3212 d.
1504 3151 1579 3214 XX.
1603 3149 1742 3215 delubris
1881 3134 1893 3166 Ι

429 3230 570 3297 Hombur
591 3237 603 3295 i
626 3234 797 3312 celebrata,
829 3234 880 3294 cui
904 3234 963 3318 ipse
987 3234 1139 3322 Princeps
1162 3234 1378 3318 illustriffimus
1394 3234 1553 3314 interfuit.
1592 3233 1741 3301 Conferri

430 3314 544 3382 interea
566 3257 658 3382 debet
675 3318 765 3401 ipsius
783 3315 945 3379 Lamberti
960 3318 1002 3379 ad
1018 3317 1207 3399 Colonienses
1225 3319 1255 3381 E
1277 3317 1379 3400 istola,
1428 3339 1474 3381 uae
1492 3318 1584 3395 liujus
1601 3318 1743 3404 colloquii

429 3398 665 3486 Hombnrgenstr
688 3401 859 3481 Historiam
883 3402 1027 3484 exponit,
1059 3402 1211 3485 &quam
1275 3400 1349 3464 .C.
1376 3400 1410 3463 D
1450 3398 1644 3463 AUDIUS
1669 3416 1742 3461 ante

430 3484 551 3566 aliquot
574 3504 672 3549 anuos
697 3486 946 3550 annotationibus
972 3485 1160 3569 quibusdam
1183 3482 1364 3549 iustrudlam
1388 3481 1495 3546 denub
1521 3480 1615 3542 edidit
1641 3480 1740 3545 Giels.

433 3581 526 3728 ¹733).
548 3587 604 3714 lie
620 3649 860 3716 Reformatione
876 3652 936 3736 ipsa
953 3651 1085 3731 Haffiae,
1109 3652 1208 3715 editus
1225 3664 1295 3713 tum
1310 3647 1352 3710 est
1368 3644 1514 3711 traciatns
1532 3643 1646 3712 Germ.
1664 3646 1742 3713 Was

431 3731 520 3795 Herr
536 3731 644 3820 Philip
661 3734 833 3822 Landgraf
843 3737 997 3820 inHeffen
1013 3739 1071 3798 mit
1087 3735 1145 3796 den
1161 3730 1441 3817 alestan-persoluen
1458 3730 1524 3792 und
1537 3730 1741 3817 abgoctischen

428 3814 601 3896 bildnuffen
617 3839 688 3880 voor
708 3842 863 3882 enommen
878 3821 920 3885 A.
934 3836 1025 3901 1527.
1044 3817 1206 3883 Caeterum
1216 3814 1382 3877 Nicolaum
1398 3815 1491 3878 illum
1502 3814 1741 3898 Guardionum,

429 3896 614 3983 Marburgo
633 3900 664 3964 se
732 3923 825 3968 nnam
863 3904 909 3969 osl
927 3905 1046 3969 finitam
1063 3903 1222 3985 synodum
1239 3896 1423 3980 contulisse,
1446 3899 1594 3965 discimus
1610 3922 1647 3966 ex
1667 3900 1741 3987 Epi·

430 3983 510 4048 llola
527 3980 651 4048 Erasini
668 3989 748 4069 apud
764 3987 833 4054 ΗΟ
875 3985 1014 4053 TlNG.
1033 3985 1077 4051 H.
1096 3983 1136 4049 Ε.
1153 3984 1226 4051 Sec.
1240 3980 1338 4047 XVl.
1356 3981 1401 4046 T.
1413 3983 1437 4046 l.
1456 4005 1485 4068 p.
1498 3982 1568 4048 268.
1594 3987 1644 4049 ubi
1661 3989 1684 4049 is
1701 4005 1740 4051 ex

428 4068 497 4147 ejus
524 4069 603 4133 libro
627 4068 812 4137 sermonum
829 4069 1145 4156 quadragesimalium
1162 4069 1318 4153 quosdam
1336 4068 1459 4149 colligit
1478 4070 1630 4134 flosculos
1646 4086 1744 4150 atque

429 4148 606 4232 Epistulam
631 4156 692 4220 hoc
718 4156 836 4221 claudit
853 4156 1103 4240 epiphonemate:
1131 4153 1275 4216 Scrilum
1291 4154 1384 4215 amici
1392 4150 1594 4235 sinceriores,
1617 4150 1671 4224 hoe
1682 4175 1746 4238 ge—

424 4256 489 4304 xus
505 4240 712 4303 animantium
730 4238 811 4301 nibil
825 4262 883 4302 uon
894 4239 973 4325 poffe
991 4240 1024 4300 in
1040 4238 1115 4301 aula
1131 4236 1272 4317 Casaris.

473 4320 524 4401 (cl
548 4322 613 4389 vid.
631 4321 743 4404 MAJ.
761 4322 843 4391 Hill.
859 4320 933 4389 Res.
950 4320 1054 4389 Lutb.
1066 4339 1182 4407 p.2a5.
1200 4322 1233 4389 it.
1252 4317 1491 4390 SECKEND.
1509 4317 1608 4386 1..11.
1624 4315 1724 4404 pall.
