4442 5150
455 633 623 727 A.r529.
790 620 1434 701 RENOVATI.
1701 635 1842 734 3⁸5·

455 778 510 834 tra
527 756 652 830 urbem
672 751 825 825 flammis
845 748 963 822 omnia
982 769 1152 821 exurunt.
1196 751 1358 846 Septima
1377 753 1528 848 Martii,
1555 754 1656 832 Evan
1684 762 1769 836 elici

456 859 609 954 primam
638 852 880 938 concionem,
925 846 967 918 ad
996 870 1100 942 quam
1130 849 1196 919 tria
1225 851 1411 924 hominum
1441 856 1552 926 millia
1576 780 1767 932 configure-

455 972 562 1042 runt,
596 953 632 1022 in
656 948 794 1021 summo
813 943 951 1039 templo
971 942 1170 1017 habuerunt
1190 947 1264 1038 (a),
1296 949 1404 1019 verba
1422 949 1573 1024 faciente
1590 957 1767 1029 Dominico

458 1053 588 1140 Zillr'o,
625 1045 766 1143 quando
793 1045 877 1115 loco
903 1040 1023 1112 Miffae
1042 1041 1111 1110 viri
1130 1038 1293 1114 foeminae
1308 1046 1457 1138 juvenes
1476 1047 1569 1121 senes
1587 1052 1768 1127 Plalmum

456 1142 789 1245 quinquagesimum
818 1141 974 1237 primum
1001 1137 1253 1211 decantarunt:
1292 1143 1424 1216 Sed&
1452 1142 1611 1217 fraudem
1632 1146 1766 1222 sacrifi·

457 1246 623 1320 culorum
645 1242 752 1316 toties
770 1242 806 1308 in
826 1236 1089 1309 reformationis
1107 1240 1257 1332 negotio
1277 1237 1449 1312 detectam
1470 1242 1505 1313 in
1517 1243 1769 1319 Reformatio·

455 1366 501 1416 ne
526 1334 776 1414 San-Gallenfi
802 1330 1052 1430 deprehensam
1081 1330 1221 1406 silentio
1240 1355 1369 1430 tegere
1396 1337 1491 1410 nefas
1509 1339 1584 1427 est,
1620 1341 1770 1416 Ostensa

456 1438 593 1513 scilicet
626 1437 774 1507 nonita
802 1433 937 1526 pridem
968 1431 1004 1500 in
1030 1427 1156 1501 eodem
1186 1436 1325 1526 templo
1353 1458 1443 1506 crux
1472 1435 1586 1510 fuerat
1613 1441 1768 1536 ingentis

457 1560 514 1608 ma
545 1533 717 1606 nitudinis
744 1548 910 1626 argentea
928 1530 1103 1618 inaurata,
1131 1530 1190 1599 cui
1211 1529 1354 1602 inclusae
1373 1529 1584 1608 dicebantur
1602 1537 1769 1632 plurimae

456 1559 656 1708 {anglorum
676 1629 860 1723 reliquiae,
887 1648 968 1721 qua:
988 1621 1081 1694 fama
1099 1623 1134 1694 id
1153 1627 1248 1720 apud
1268 1628 1444 1726 populum
1463 1630 1703 1727 superstitioni
1723 1637 1769 1708 li·

458 1750 592 1803 tantem
613 1723 803 1816 effecerat,
829 1745 868 1794 ut
887 1746 962 1793 eam
984 1718 1151 1818 lingulati
1169 1746 1243 1817 prae
1264 1725 1408 1821 reliquis
1426 1730 1654 1804 veneratione
1671 1733 1774 1806 cole·.

457 1849 561 1912 renr3
598 1825 648 1896 At
675 1822 784 1915 verb,
818 1844 902 1892 cum
929 1819 1056 1910 Joach.
1085 1817 1267 1920 Vadimus
1293 1821 1430 1896 Consul
1457 1824 1512 1918 (b)
1541 1829 1769 1926 &quicum

459 1947 525 2017 eo,
552 1920 703 1996 sollicite
731 1924 766 1993 in
794 1919 853 1990 has
881 1915 1045 2012 reliquias
1067 1915 1309 2012 inquirerent,
1335 1944 1401 1993 nec
1419 1944 1475 1993 eas
1493 1944 1611 1998 tamen
1630 1929 1769 2000 inveni·

459 2043 559 2114 rent,
592 2043 694 2116 quam
713 2043 785 2091 non
804 2015 963 2113 reliquiis
982 2008 1207 2107 sandlorum,
1233 2018 1289 2089 uti
1307 2017 1557 2116 nugabantur,
1583 2020 1640 2096 fed
1658 2022 1769 2099 farra·

447 2121 539 2226 gine
567 2116 720 2215 pannosa
747 2118 784 2191 &
811 2115 1125 2187 linteamentorum
1152 2110 1333 2207 frustulis,
1368 2119 1538 2213 omnique
1560 2120 1770 2219 impuritate

454 2218 540 2309 alia,
569 2239 659 2289 crux
679 2233 756 2288 tota
775 2212 903 2285 referta
921 2207 1027 2300 elset,
1052 2207 1397 2305 deprehendebatur.
1430 2214 1518 2289 Erat
1561 2243 1680 2317 uoque
1698 2221 1769 2294 ibi·

457 2313 536 2388 dem
568 2336 681 2386 cornu
707 2311 937 2398 deauratum,
964 2307 1002 2376 in
1020 2328 1093 2402 quo
1110 2306 1299 2381 dicebatur
1316 2310 1457 2405 lapillus
1475 2337 1520 2385 ex
1535 2241 1636 2388 lacto
1654 2317 1772 2415 sepul·
1861 2343 1865 2350 ·

456 2436 519 2483 cro
540 2412 590 2501 (c)
620 2433 749 2503 magna
771 2406 945 2501 religione
963 2428 1005 2476 ac
1025 2426 1110 2476 cura
1128 2401 1311 2495 allervari,
1338 2407 1435 2502 quod
1456 2432 1539 2480 cum
1560 2413 1596 2482 in
1616 2416 1771 2508 praesen·

457 2507 506 2581 tia
533 2505 665 2602 Legati
693 2500 923 2577 Glaronenlis
940 2500 1024 2576 effer
1041 2519 1228 2597 apertum,
1258 2500 1490 2582 testidutteam
1510 2507 1697 2586 cochleam
1714 2515 1771 2588 in·

457 2624 515 2677 tus
543 2606 777 2676 invenerunt:
814 2599 868 2672 Ea
886 2601 982 2677 fraus,
998 2600 1047 2673 ita
1066 2600 1175 2696 legati
1194 2602 1350 2673 animum
1371 2602 1506 2677 dicitur
1523 2603 1702 2704 affecisse,
1728 2630 1773 2687 ut

457 2702 485 2774 is
517 2726 563 2776 ex
589 2698 788 2773 Pontificio
815 2700 1015 2790 acerrimo,
1058 2717 1204 2794 repente
1231 2696 1341 2773 faetus
1369 2698 1478 2774 fuerit
1503 2701 1771 2784 reformationis

456 2797 601 2873 affertur
622 2796 792 2871 strenuus.
818 2796 1772 2895 ConfignavitautemtumquoqneChrist.SCHAP.

456 2894 703 2971 PELERUS
731 2893 963 2991 quadraginta
988 2892 1061 2965 duo
1088 2892 1244 2966 themata
1265 2895 1319 2987 (d)
1346 2916 1473 2969 contra
1490 2898 1773 2978 Pontificiotum

457 3020 592 3070 errores
617 3016 729 3091 eaque
754 2991 964 3088 disputanda
990 2992 1026 3063 in
1046 2991 1185 3088 oppido
1212 2995 1249 3067 S.
1278 2992 1377 3068 Galli
1404 2993 1604 3093 proposuit.
1646 3000 1690 3073 In
1716 3002 1772 3076 his

461 3091 727 3169 Satistattiones
745 3114 868 3164 omnes
887 3092 1051 3163 humanae
1071 3114 1155 3163 cum
1174 3094 1270 3165 votis
1289 3094 1583 3189 monachalibus,
1602 3116 1774 3194 tanquam

457 3191 631 3268 dodtrinae
659 3191 871 3279 hominum,
908 3185 1049 3282 prorsus
1077 3189 1343 3284 rejiciebantur.
1389 3191 1573 3266 Coenobia
1591 3218 1664 3267 non
1681 3195 1774 3289 effe,

482 3291 554 3363 uod
582 3291 748 3386 imperite
775 3287 891 3360 fuerat
918 3283 1119 3378 creditum,
1153 3287 1296 3363 Domus
1324 3289 1418 3380 Dei,
1454 3290 1772 3383 (Gottesheuser,)

457 3315 514 3458 led
543 3391 670 3460 erroris
696 3406 804 3481 atque
831 3380 1056 3457 tenebratum
1083 3388 1332 3477 receptacula,
1367 3386 1601 3473 asserebam
1638 3409 1773 3482 porro,

458 3482 551 3552 intra
577 3485 794 3580 quingentos
822 3504 932 3553 annos
959 3475 1056 3554 ultra
1074 3479 1334 3578 quinquaginta
1352 3480 1457 3555 sedas
1500 3506 1539 3555 er·
1556 3481 1671 3553 varios
1690 3483 1773 3561 illos

459 3577 614 3652 Ordines
640 3601 780 3654 exortas
808 3575 931 3652 fuilfe:
969 3579 1023 3652 Ea
1048 3599 1130 3748 qqae
1158 3583 1348 3651 maximam
1368 3600 1443 3672 prae
1477 3574 1674 3651 eferebant
1692 3579 1772 3677 spe·

1114 3699 1176 3749 cc
1643 3702 1771 3778 crem,

462 3919 465 3924 .
501 3860 549 3942 (a)
575 3852 756 3923 SCULT.
774 3858 842 3923 dec.
862 3859 905 3924 ll.
929 3880 957 3940 p.
971 3877 1041 3938 192.
1065 3879 1102 3924 ex
1121 3856 1200 3923 Hist.
1219 3857 1392 3925 San-Gall.
1410 3853 1515 3922 Mss.
1540 3854 1770 3928 RUCHAT.

458 3943 504 4009 T.
526 3944 566 4007 ll.
591 3961 657 4023 pag.
676 3937 745 4019 384.
779 3941 1026 4007 HOTTING.
1052 3941 1150 4006 Heln.
1176 3943 1218 4011 K.
1239 3941 1283 4007 G.
1307 3939 1458 4027 pag.458,
1475 3960 1548 4025 459.
1674 4025 1678 4032 ¹

499 4030 553 4107 (b)
579 4022 804 4091 RUCHAT.
828 4029 850 4085 l.
868 4047 898 4089 c.
922 4044 989 4110 pag.
1010 4023 1081 4105 386.

496 4114 552 4193 (c)
579 4106 802 4174 RUCHAT.
827 4107 899 4170 ibid.
1765 4154 1771 4163 ,

497 4198 536 4275 (d
580 4196 709 4259 Horum
734 4194 828 4256 breve
851 4191 940 4281 nobis
963 4208 1189 4276 argumentum
1204 4214 1242 4280 err
1258 4192 1444 4284 Bullingeto
1460 4195 1630 4285 suppeditat
1646 4193 1770 4264 HOT·

461 4277 513 4349 Tl
555 4275 718 4366 GERUS
743 4277 766 4340 l.
784 4296 813 4342 c.
838 4291 906 4361 pag.
924 4273 999 4360 466,
1015 4276 1088 4358 467.
1140 4293 1146 4303 ·
