4442 5150
1120 622 1242 720 (74)

549 759 582 833 ls
604 757 779 858 negotium
801 754 886 852 l'ecit,
906 752 1032 828 maritis
1057 753 1323 846 Saoerdotibus,
1346 778 1436 854 quos
1462 778 1527 854 pro
1553 752 1688 854 templis
1712 754 1823 853 palam

550 844 800 938 devovitdiris,
827 852 929 946 idque
949 871 1043 938 turn,
1064 874 1272 925 cumumma
1288 852 1605 946 tutasperaffemus.
1655 852 1827 926 Deindu·
1853 918 1871 925 -

550 947 628 1019 stria
651 947 739 1020 enirn
766 944 927 1039 quiddam
948 943 1148 1039 placiditatis
1172 945 1444 1040 praesetulerat,
1466 969 1505 1020 ut
1523 946 1568 1017 fic
1587 947 1758 1035 incautos,
1785 950 1823 1024 δε

549 1040 643 1138 quod
667 1043 783 1138 ajunt„
804 1044 1035 1135 murramque
1053 1062 1170 1110 aurem
1188 1039 1391 1114 dormientes
1414 1040 1632 1139 opprimeret.
1679 1042 1823 1114 Summa

548 1135 676 1207 confilii
698 1136 784 1220 fuit,
809 1131 895 1204 inter
922 1134 954 1203 se
984 1133 1080 1204 cives
1102 1134 1341 1224 committere,
1363 1134 1452 1206 dunt
1471 1157 1547 1230 pars
1576 1132 1707 1206 fulmen
1731 1134 1822 1210 istud

549 1227 750 1324 Episcopale
772 1226 974 1313 horrerent,
1002 1249 1080 1320 pars
1108 1226 1294 1324 magnifice·
1318 1248 1581 1301 contemnerent.
1629 1226 1704 1299 Sub
1731 1228 1822 1302 idem

547 1319 714 1419 tempusai
735 1323 857 1394 Senatu
870 1318 1039 1415 perdolos
1050 1319 1220 1393 Canontci
1235 1323 1281 1396 ad
1295 1319 1345 1393 D.
1360 1323 1498 1395 Petrum
1518 1326 1756 1415 impetrarunt,
1781 1343 1822 1397 ut

547 1417 748 1492 aPatochia
773 1413 910 1487 illorum
934 1411 1143 1509 providenda
1167 1435 1222 1487 me
1242 1413 1407 1487 abstinere
1428 1416 1602 1514 juberent.
1651 1415 1819 1489 Praeterea

547 1513 602 1586 via
622 1509 775 1583 instituta
798 1505 886 1594 suit,
906 1531 974 1606 qua
991 1507 1130 1591 maritos
1153 1507 1268 1580 fratres
1286 1531 1331 1580 ex
1350 1509 1435 1582 urbe
1455 1507 1683 1582 deturbandus
1700 1523 1824 1587 omnes
1873 1516 1876 1521 '

571 1605 737 1692 utass'ent,
762 1600 914 1696 inprimis
945 1623 1057 1674 autent
1088 1609 1260 1678 sumum.
1316 1601 1530 1678 sobornatus
1555 1604 1603 1676 est
1627 1603 1755 1676 Comes
1776 1605 1823 1679 de

545 1632 708 1797 iynigen
730 1696 858 1785 lenior,
879 1694 941 1790 qui
957 1695 1040 1770 mihi
1069 1698 1228 1792 praesenti
1249 1699 1347 1769 toties
1373 1721 1493 1772 manus
1512 1699 1633 1770 inferre
1658 1717 1821 1790 tentaret,

545 1794 646 1868 dietis
666 1792 758 1887 prius
774 1790 808 1861 in
820 1814 859 1860 os
873 1791 988 1863 multis
1000 1788 1453 1881 contitmeliisatroeillimrs,
1466 1792 1668 1886 idque-intra
1680 1794 1822 1882 urbem,

544 1889 631 1962 intra
659 1887 747 1957 aedes
772 1881 933 1977 Papillici·
954 1881 1100 1955 Praelati.
1155 1888 1203 1956 At
1227 1904 1293 1953 uos
1313 1885 1479 1957 omnibus.
1499 1908 1543 1959 cx
1578 1885 1629 1956 his
1661 1886 1824 1978 perieulis.

545 1977 705 2055 Christus
717 1976 858 2073 eripuit,
901 1976 995 2050 Natu
1010 1973 1074 2046 ubi.
1087 1974 1281 2069 Episcopus
1296 1978 1684 2053 excommunicationem
1705 1978 1820 2074 publi·

544 2072 667 2160 callet,
691 2093 759 2144 nos.
780 2071 865 2142 intra
886 2070 1029 2141 eandem
1050 2068 1192 2142 noctem
1209 2069 1482 2166 Appellationem
1513 2072 1655 2147 fratrum
1681 2073 1824 2148 nomine:

544 2166 749 2242 effinximus.
799 2163 967 2239 Postridie
982 2162 1188 2258 appellatum
1205 2165 1253 2234 est
1275 2162 1439 2267 praesente
1457 2169 1633 2255 Notario,
1654 2190 1736 2238 mox
1756 2190 1819 2242 etc·

544 2264 622 2334 cula
644 2261 757 2331 omnia
786 2259 995 2355 prodierunt.
1044 2256 1135 2347 Quo·
1157 2257 1329 2346 remedto,
1354 2261 1512 2355 populus
1537 2284 1584 2334 ne
1602 2259 1693 2355 quid¹
1756 2286 1823 2357 pet·v

544 2355 899 2430 excommunicatione
913 2352 1129 2446 disceptaret,
1155 2355 1331 2426 cavimus-t
1354 2354 1549 2452 expetierat
1564 2356 1654 2428 enim
1668 2379 1715 2426 uo
1747 2380 1822 2431 ram

543 2452 578 2523 in
606 2451 638 2522 se
660 2447 801 2522 tticiffim
825 2447 1020 2521 sententiam
1041 2445 1252 2542 Episcopus,
1276 2469 1344 2543 que
1367 2448 1399 2523 le
1415 2475 1495 2522 cum
1516 2447 1742 2546 complicibus
1759 2452 1819 2523 da-

543 2568 750 2633 mnaremus,
774 2566 854 2639 quae
876 2564 926 2614 res
937 2541 978 2613 ad
991 2541 1198 2615 manifestam
1210 2539 1350 2616 destillet
1364 2542 1572 2619 seditionem.
1623 2542 1724 2615 Talia
1742 2541 1819 2619 sunt

542 2640 693 2739 ingenia,
719 2639 771 2711 hae
792 2658 877 2716 artes
906 2634 1180 2803 Episqqpurum,
1204 2639 1412 2734 tranquillos.
1431 2643 1518 2715 inter
1537 2639 1573 2712 se·
1592 2640 1817 2713 committere.

542 2734 676 2829 Quarta
688 2734 743 2809 die.
757 2733 830 2829 ejus
848 2730 995 2808 hebdom
1039 2755 1074 2806 ω.
1088 2732 1173 2806 mihi
1194 2755 1254 2825 per
1270 2735 1431 2813 Senatum
1451 2732 1616 2810 Parochia
1641 2734 1816 2830 renuncia·

541 2848 613 2918 tur,
636 2829 697 2925 qui
717 2828 799 2900 mihi
817 2826 953 2900 videbar
975 2827 1307 2901 Senatusautoritate
1326 2827 1649 2927 pridemingrellus.
1694 2829 1819 2902 Statim

540 2922 581 2998 fit
605 2948 739 3011 rumor,
762 2923 941 2997 eiciendos
959 2920 1052 2993 verbi
1071 2942 1267 3013 praecones,
1289 2924 1526 3007 concurritur,
1545 2919 1742 3014 quiritatur,
1764 2920 1816 2991 in·
1885 3005 1887 3007 ,

540 3017 700 3092 cusantur
724 2948 833 3115 vulgo
858 3015 1064 3096 sacerdotes,
1085 3012 1259 3107 jaciuntur
1282 3013 1431 3085 convitia
1451 3014 1550 3085 etiarn
1572 3011 1611 3082 in
1631 3011 1815 3102 Senatum,

541 3113 599 3188 sed
613 3112 660 3185 ab.
672 3133 824 3186 extrema
842 3129 974 3181 tantum
996 3103 1105 3195 plebe.
1155 3106 1316 3175 Proceres
1337 3104 1444 3198 aliqui
1463 3102 1599 3180 aminis
1614 3127 1712 3211 aegre·
1728 3116 1815 3178 tem'·

539 3206 716 3305 perabant,
740 3206 824 3302 quin
843 3196 1067 3276 [acerdotibus
1080 3195 1218 3290 pesfima
1230 3200 1425 3293 quaeque,fi
1441 3223 1503 3271 nos
1523 3198 1663 3271 excludr
1680 3198 1815 3272 contin.

537 3323 649 3393 geret,
673 3295 921 3374 denunciarent.
976 3292 1052 3362 Tot
1084 3289 1190 3365 rebus
1213 3289 1313 3364 sunul
1340 3294 1512 3368 conclusis
1534 3292 1819 3367 tamen.·adnitot

539 3397 655 3469 omnia
679 3389 865 3486 expedire,
881 3386 933 3458 do·
953 3384 1150 3482 negotium,
1181 3383 1226 3458 iis
1248 3408 1337 3480 quos
1365 3411 1483 3487 gratos·
1504 3389 1644 3486 populo.
1671 3411 1819 3480 notam,

539 3490 650 3564 verbis
668 3481 858 3579 tranquillis
881 3478 1013 3576 plebem
1034 3478 1078 3549 ab
1097 3478 1331 3577 inquietudine
1352 3485 1566 3574 contineant,
1591 3507 1647 3556 me
1666 3481 1732 3556 elle
1747 3507 1809 3557 cu·

539 3604 691 3656 recurunt
713 3575 804 3672 apud
825 3576 1008 3661 Senatum„
1029 3575 1166 3669 nequid
1185 3573 1375 3675 Evangelio
1392 3580 1548 3666 decedat,
1572 3602 1634 3652 nec
1653 3601 1728 3649 rent.
1741 3597 1810 3648 tam

537 3677 602 3754 elle
621 3672 861 3766 deploratam,
881 3692 920 3744 ut
948 3669 1111 3765 imperitis
1140 3670 1246 3746 videri
1275 3674 1407 3763 possete
1428 3672 1571 3748 rescindi·
1592 3670 1714 3764 saepius
1741 3671 1812 3745 levi

536 3790 711 3847 momento
723 3764 891 3849 sententias
916 3768 1099 3858 aequiores,
1121 3764 1159 3842 te
1175 3765 1390 3862 perspicuum
1404 3768 1499 3857 latis,
1516 3767 1714 3841 Curtisanos
1726 3765 1810 3839 tanti

536 3888 610 3938 non.
627 3863 760 3949 heberi„
781 3883 822 3934 ut
835 3861 868 3933 in
886 3861 1025 3934 illorum
1044 3859 1185 3957 gratiam
1204 3860 1378 3932 Senatores
1398 3862 1502 3938 velint
1516 3861 1717 3959 posthabere
1734 3861 1819 3932 suos-

536 3959 674 4034 civesin
689 3956 863 4039 causatum
877 3956 949 4059 pia,
967 3977 1073 4055 atque
1084 3954 1148 4032 alia
1164 3955 1200 4030 id
1209 3976 1329 4056 genus.
1378 3954 1520 4052 Quibus
1537 3956 1681 4056 peractis
1698 3952 1807 4027 studit

1722 4068 1811 4148 1³²⁰·
