4442 5150
452 601 521 689 35⁶
642 538 1510 659 ursuorsrnuvnnouurr
1601 576 1806 677 ama·

451 766 479 810 „
497 739 570 791 non
596 714 708 790 modo
727 741 799 788 non
817 713 1092 800 Conciliorum,
1118 706 1176 783 sed
1194 711 1325 782 nullius
1343 706 1493 782 omnini)
1512 729 1684 782 creaturae
1703 709 1770 786 est.

454 864 482 907 „
501 815 606 890 Solus
627 813 798 911 liquidem
812 815 913 882 Pater
932 807 1192 906 perChrillum
1205 809 1379 904 Spiritum
1399 808 1531 900 donat,
1550 810 1611 901 qui
1631 809 1667 878 in
1687 832 1769 881 om-

451 956 480 1004 ,‚
500 937 581 984 nem
600 917 784 985 veritatem
806 909 965 980 inducit:
994 907 1031 981 dc
1045 907 1154 979 donat
1172 907 1235 998 iis,
1255 929 1343 999 quos
1362 906 1404 977 ad
1425 904 1459 976 id
1479 925 1560 976 ante
1579 905 1770 982 conditum

387 1051 389 1055 <
453 1052 481 1101 „
502 1011 675 1082 mundum
694 1008 851 1105 delegit,
877 1029 951 1077 non
969 1005 1010 1078 iis
1030 999 1141 1078 modo
1161 1004 1222 1100 qui
1241 1004 1419 1075 audierint
1434 1002 1614 1076 Concilia.
1650 1001 1769 1097 Quod

369 1109 374 1117 ’
454 1154 483 1198 ,,
502 1109 645 1182 iuterim
672 1106 874 1202 Scripturas
900 1126 972 1174 non
997 1101 1041 1173 ad
1063 1100 1217 1173 eundem
1236 1101 1383 1172 modum
1403 1123 1526 1172 omnes
1545 1099 1581 1170 in
1599 1102 1771 1176 omnibus

455 1252 483 1296 „
502 1207 709 1301 accipiunt,
731 1205 766 1276 in
786 1199 975 1288 causaest,
993 1195 1094 1296 quod
1111 1222 1184 1270 non
1203 1199 1336 1294 pariter
1353 1197 1520 1270 omnibus
1538 1195 1684 1295 spiritus
1700 1199 1769 1271 do·

456 1346 486 1394 ‚,
504 1322 630 1396 natur,
665 1297 765 1398 quod
794 1300 898 1372 multi
917 1299 1023 1370 etiam
1044 1297 1248 1393 hypocritae
1267 1294 1351 1368 filiis
1370 1296 1443 1367 Dei
1461 1293 1598 1390 semper
1615 1295 1771 1373 admixti

446 1389 486 1490 ¹„
505 1400 605 1491 sunt,
640 1396 740 1495 quod
766 1397 918 1491 denique
945 1393 1009 1466 soli
1033 1391 1181 1466 Christo
1198 1392 1261 1466 suo
1278 1393 1374 1465 hunc
1394 1394 1568 1466 honorem
1587 1413 1688 1488 pater
1707 1396 1771 1470 de·

456 1544 485 1587 „
503 1497 579 1590 dit,
598 1517 640 1571 ut
659 1496 702 1567 sit
721 1493 918 1567 infallibilis
936 1489 1136 1564 sanslorum
1151 1488 1339 1588 magister:
1358 1488 1446 1563 alios
1460 1490 1657 1586 quamlibet
1671 1490 1772 1566 sanc·

456 1608 486 1686 3,
505 1612 561 1667 tos
580 1595 617 1668 dc
637 1589 786 1684 doslos,
804 1608 951 1689 oportet
971 1608 1012 1662 ut
1030 1587 1064 1662 se
1081 1586 1150 1665 esse
1166 1590 1329 1662 homines
1347 1587 1483 1662 alicubi
1501 1588 1676 1686 prodant,
1695 1589 1771 1689 quo

456 1741 485 1784 ‚,
503 1690 606 1765 eledli
625 1690 762 1764 discant
780 1689 824 1763 ab
842 1685 1073 1761 unoClrristo
1093 1687 1131 1759 in
1149 1686 1318 1760 omnibus
1332 1687 1498 1780 pendere.
1528 1686 1696 1784 Denique
1705 1689 1772 1762 ubi

456 1789 570 1882 „filii
599 1788 793 1877 Dei-sunt,
827 1785 891 1860 ubi
916 1807 1068 1881 regnum
1095 1783 1254 1877 Christi,
1290 1783 1339 1856 ibi
1365 1801 1407 1857 ut
1424 1784 1546 1857 omnia
1562 1786 1685 1858 turbet
1704 1785 1771 1861 Sa·

456 1935 485 1980 „
503 1906 601 1960 ranas
619 1884 726 1960 unici:
744 1884 902 1958 laborat:
929 1882 973 1953 de
991 1883 1032 1953 iis
1047 1881 1165 1973 enim,
1191 1905 1281 1980 quos
1294 1881 1427 1978 jamin
1445 1879 1621 1977 potestate
1637 1879 1697 1957 sua
1709 1883 1773 1958 ha·

457 2035 486 2078 „
504 1984 592 2077 bet,
626 1985 713 2080 quid
740 1979 824 2054 effer
850 1977 1053 2052 sollicitus?
1096 1980 1238 2054 Adhaec
1263 1977 1375 2052 visum
1403 1978 1455 2052 est
1480 1980 1578 2054 Patri
1602 1979 1773 2079 caelesti,

458 2132 488 2176 „
507 2078 586 2153 suos
604 2105 667 2178 per
685 2077 790 2153 senas
809 2073 971 2175 probare.
1000 2076 1156 2150 Proinde
1172 2099 1245 2153 tam
1263 2099 1337 2150 non
1353 2076 1513 2171 evincit,
1530 2103 1551 2151 a
1578 2078 1626 2152 ud
1643 2079 1773 2152 Ponti·

458 2229 488 2272 „
506 2177 611 2252 sicios
636 2176 704 2250 esse
728 2177 938 2268 veritatem,
971 2174 1067 2273 apud
1093 2199 1159 2248 nos
1180 2172 1442 2264 verberares,
1469 2104 1575 2275 quod
1588 2175 1658 2251 illis
1674 2177 1771 2251 mul-

457 2277 551 2369 „tis
578 2277 614 2349 in
641 2275 821 2373 dogmatis
848 2276 1041 2367 convenit,
1071 2271 1167 2394 apud
1193 2297 1257 2347 nos
1284 2296 1418 2368 paucos
1445 2273 1607 2348 doslrina
1635 2276 1773 2370 variet,

400 2397 402 2408 ·
458 2424 488 2467 „
506 2374 544 2448 ὃ(
570 2375 778 2448 coorientur
800 2370 1005 2448 schismata:
1042 2393 1149 2541 puam
1168 2394 1240 2443 non
1258 2370 1411 2469 probat,
1437 2374 1624 2449 veritatem
1643 2371 1774 2449 habere

458 2521 487 2567 „
508 2473 808 2565 Mahumetanos,
844 2472 882 2546 δι
909 2466 1049 2568 Aposto
1066 2493 1105 2543 os
1131 2467 1279 2545 seslatos
1307 2467 1408 2544 suillo
1433 2472 1640 2560 mendacia;
1671 2468 1773 2571 quod

459 2569 560 2666 „illi
587 2567 706 2646 multo
732 2569 850 2669 plures
868 2570 975 2667 quam
996 2563 1206 2662 Pontificii,
1231 2569 1269 2642 in
1288 2568 1471 2643 Alcorano
1490 2571 1613 2645 multis
1635 2572 1703 2645 'am
1722 2570 1740 2645 s
1758 2610 1774 2631 ·

459 2668 597 2764 „culis
623 2668 875 2758 consentiunt,
903 2668 1075 2740 hiantem
1095 2685 1169 2739 tam
1189 2667 1273 2741 raris
1294 2666 1467 2741 Ecclesris
1484 2669 1594 2743 cande
1651 2668 1697 2743 de
1714 2692 1775 2744 ce·

460 2817 489 2863 „
508 2768 676 2842 remoniis
696 2767 869 2841 Mosaicis
887 2763 1096 2838 sententiam
1115 2787 1189 2837 non
1206 2784 1404 2862 potuenrnt
1414 2766 1625 2864 approbare.
1652 2767 1776 2840 Evan-

459 2917 489 2961 ,‚
506 2867 643 2964 gelium
669 2864 851 2939 thesaurus
875 2861 927 2936 est
952 2864 1040 2935 vitae
1068 2884 1237 2937 aeternae:
1273 2864 1381 2960 pauci
1406 2864 1534 2960 eledli,
1566 2864 1696 2962 quibus
1714 2865 1778 2940 ille

460 3015 491 3058 „
507 2966 681 3039 donetur:
710 2962 774 3036 hos
792 2983 882 3057 ergo
899 2984 1034 3057 paucos
1051 2979 1094 3033 ut
1112 2961 1258 3054 turbet,
1286 2961 1393 3034 Satan
1411 2965 1499 3036 totis
1517 2962 1654 3035 viribus
1673 2961 1775 3033 labo·

459 3111 490 3157 „
509 3079 572 3134 rat.
605 3062 775 3157 Reliquae
795 3056 1019 3134 multitudini
1036 3082 1109 3130 non
1126 3057 1178 3132 est
1196 3082 1294 3133 curae
1311 3056 1462 3155 religio,
1487 3056 1612 3131 fucum
1631 3054 1776 3133 tantum

459 3210 491 3254 „
509 3159 659 3233 volunt:
687 3159 944 3256 qualiscunque
962 3158 1075 3255 igitur
1091 3158 1141 3229 eis
1159 3156 1358 3253 obtigerit,
1383 3156 1420 3226 in
1437 3178 1483 3228 eo
1501 3155 1607 3229 sacile
1624 3155 1775 3229 consen·

459 3308 488 3355 „
508 3260 617 3332 tiunt.
652 3256 792 3330 Contra
818 3256 898 3327 haec
924 3250 1009 3333 cirin
1033 3255 1125 3327 ninil
1152 3252 1266 3352 posset
1294 3254 1488 3351 Scripturis
1506 3251 1707 3353 Tregariur,
1734 3255 1775 3331 δι

460 3407 490 3453 ,,
508 3358 566 3429 lex
592 3352 840 3452 disputationis
868 3376 941 3428 non
970 3356 1196 3450 permitteret
1213 3353 1281 3425 alia
1298 3353 1459 3450 ingerere
1478 3352 1577 3447 (quia
1593 3352 1637 3426 ad
1656 3353 1776 3449 inqui·

460 3506 488 3551 „
509 3454 657 3528 rendum
678 3453 764 3549 quid
784 3452 930 3527 doceret
941 3452 1129 3549 Scriptura
1141 3451 1234 3543 Dei,
1253 3474 1327 3523 non
1343 3448 1431 3545 quid
1446 3448 1579 3525 ferrent
1589 3474 1777 3525 commen·

460 3603 490 3647 „
510 3574 547 3625 ta
567 3554 776 3638 hominum,
805 3549 967 3625 inslituta
982 3566 1057 3624 erat
1076 3547 1305 3647 Disputatio)
1321 3545 1475 3645 Ιῇιιᾶιιιιι
1492 3549 1575 3639 ille,
1601 3548 1775 3625 nonsatis

463 3704 490 3746 ,‚
512 3648 574 3719 fibi
601 3651 668 3723 elle
694 3651 735 3722 ad
762 3648 1011 3744 disputandum
1038 3648 1234 3740 libertatis,
1267 3644 1406 3743 esseque
1423 3670 1601 3723 venenum
1621 3646 1776 3747 praesen·

463 3799 491 3842 ,‚
511 3742 701 3837 tillimum,
737 3751 827 3819 velle
847 3747 1045 3844 Scripturis
1063 3743 1203 3819 tantum
1224 3746 1428 3842 Scripturas
1444 3747 1646 3843 explicare:
1678 3742 1777 3850 quali

463 3898 492 3940 „
511 3837 599 3913 vcro
627 3843 661 3914 id
682 3867 753 3914 non
773 3845 809 3916 in
827 3848 988 3919 omnium
1007 3842 1263 3938 scripturarum
1282 3845 1526 3941 explicatione
1544 3844 1776 3934 observetur,

463 3994 492 4037 „
511 3939 549 4013 δι
572 3940 644 4037 ipse
664 3941 796 4014 laurus
814 3941 919 4031 ell'et,
950 3942 973 4015 sr
993 3942 1071 4038 quis
1091 3944 1127 4013 in
1145 3941 1209 4016 suo
1228 3943 1325 4015 Mari
1344 3966 1500 4042 magno,
1525 3962 1587 4017 aut
1605 3942 1671 4016 alia
1687 3964 1776 4036 qua·

464 4036 605 4135 „piam
634 4038 760 4132 Bulla,
795 4043 900 4113 vellet
920 4039 981 4114 suo
1000 4040 1176 4114 arbitratu
1194 4039 1382 4139 quippiam
1403 4040 1652 4140 interpretari,
1677 4034 1778 4133 quod

465 4188 493 4241 „
510 4160 584 4214 nou
601 4162 648 4216 ex
665 4137 773 4243 ipsius
791 4139 910 4217 unia
925 4137 1045 4249 uerbis
1062 4136 1178 4239 posset
1192 4136 1381 4218 evincere?
1407 4138 1506 4238 Quae
1525 4140 1640 4240 igitur
1654 4136 1778 4307 lappu-
