4442 5150
460 605 628 722 arpa.
733 597 833 675 ’τι
880 597 915 672 n
964 598 1006 672 N
1056 601 1094 674 o
1144 596 1183 672 v
1232 600 1267 675 a
1314 599 1366 675 τ’
1403 604 1435 679 1.
1518 614 1523 622 ·
1580 617 1585 627 ·
1703 632 1767 710 311

459 735 661 825 veredica,
695 754 811 831 neque
837 729 1018 828 publicam
1045 729 1199 804 habeant
1216 730 1348 826 fidem,
1374 758 1490 835 neque
1506 736 1589 813 satis
1606 739 1770 818 ordinate

460 830 530 905 lint
549 832 705 931 digesta,
732 854 846 928 neque
862 827 926 900 nifi
946 829 1138 900 admodum
1158 828 1285 903 vitiose
1303 834 1398 1000 tlypis
1418 835 1486 910 srnt
1503 837 1681 934 exscripta
1690 841 1768 915 Lu·

458 951 578 1005 cern‘ae
607 934 653 1003 ll.
669 927 771 1025 1528.
807 927 851 998 Id
869 925 990 998 saltem
1010 944 1133 999 verum
1152 926 1224 1017 est,
1250 929 1310 1002 Re
1327 952 1486 1007 ormatos
1502 936 1767 1033 collocutores,

457 1029 593 1101 multos
621 1030 657 1100 in
683 1028 888 1098 auditorum
916 1024 1040 1095 animis
1066 1025 1242 1121 reliquisse
1259 1026 1423 1120 aculeos,
1449 1051 1492 1102 ut
1536 1056 1656 1131 uoque
1674 1058 1768 1110 nova

456 1123 625 1221 deinceps
651 1125 695 1197 de
722 1123 996 1197 Reformatione
1016 1119 1038 1192 i
1056 1124 1267 1219 quibusdam
1287 1126 1386 1221 pagis
1404 1148 1510 1224 capta
1541 1135 1659 1203 uerint
1677 1159 1767 1207 con-

457 1220 554 1315 filia,
588 1246 698 1321 eaque
725 1219 964 1317 prosperrimo
991 1219 1149 1293 successu
1166 1245 1238 1293 non
1255 1222 1445 1316 destituta,
1471 1248 1670 1324 quanquam
1691 1235 1766 1326 pii·

457 1342 519 1394 mo
544 1319 677 1394 obtutu
705 1322 867 1414 Bastleae,
902 1320 1044 1408 Bernae,
1079 1314 1197 1417 Tiguri
1216 1323 1329 1417 magis
1347 1321 1531 1419 magisque
1547 1324 1590 1397 ab
1610 1327 1766 1401 invicem

458 1440 603 1516 qunque
620 1416 777 1490 distradli
797 1415 939 1489 fuerunt
957 1415 1079 1487 animi.
1095 1452 1106 1475 ·
1159 1444 1166 1461 =

505 1513 618 1590 Certi:
643 1520 875 1610 Bastleenfium
901 1511 1088 1601 nonnulli,
1132 1514 1432 1609 oecolampadius,
1468 1519 1618 1612 Jacobus
1642 1524 1766 1596 Imme-

456 1615 544 1706 liar,
578 1613 799 1711 Wolfgangus
824 1608 1108 1706 Waiffenburgias
1132 1611 1170 1685 dt
1194 1611 1274 1702 alii,
1309 1612 1457 1709 publice
1480 1616 1768 1714 protestabantur

456 1709 492 1784 l'e
514 1711 554 1782 in
580 1712 818 1806 disputatione
844 1709 904 1780 illa
930 1729 1002 1777 non
1029 1707 1294 1803 deprehendisse
1316 1712 1476 1808 quinque
1493 1715 1611 1810 priora
1628 1719 1766 1790 thema·

457 1824 495 1879 ta
521 1813 616 1902 (nam
645 1808 689 1880 de
715 1805 969 1904 posterioribus
995 1802 1147 1877 duobus.
1162 1803 1281 1878 adium
1310 1830 1382 1878 non
1404 1811 1471 1897 est)
1500 1817 1536 1884 in
1561 1811 1664 1888 sacris
1683 1816 1765 1887 lite·

456 1905 505 1978 ris
531 1901 600 1977 effe
625 1900 793 1990 fundatam
829 1904 885 1976 sed
913 1901 971 1974 alii
1000 1903 1128 1973 iterum
1149 1901 1379 1996 Bafileenses,
1407 1907 1499 1980 inter
1516 1933 1604 2005 quos
1623 1913 1672 1984 D.
1689 1915 1764 1987 Lu·

456 2002 592 2076 donicus
617 2004 726 2076 Berur
744 2003 816 2097 (a),
852 1996 1069 2095 l’raepofitus
1095 1999 1281 2092 Petrinus,
1315 2002 1376 2099 qui
1403 2002 1475 2076 uni
1502 2030 1585 2078 cum
1604 2009 1679 2081 aliis
1699 2011 1765 2082 tri·

456 2096 522 2172 bus
548 2120 662 2173 totam
689 2101 780 2172 hanc
808 2096 1086 2194 disputationem
1114 2119 1189 2170 erat
1206 2097 1432 2191 moderatus,
1457 2105 1660 2202 Augustinus
1678 2109 1765 2180 Ma·
1832 2127 1834 2135 ’

454 2203 526 2270 rius
552 2196 680 2271 summi
708 2197 860 2295 Templi
888 2194 1159 2288 Conciouator,
1192 2179 1366 2289 johannes
1387 2201 1623 2299 Silberbergr'us
1642 2205 1765 2276 Medi·

797 2319 799 2323 ’
1703 2322 1767 2374 cus

456 2439 461 2451 ·
496 2415 544 2494 (a)
569 2411 623 2478 De
647 2412 806 2476 Ludoaico
823 2407 969 2491 BERO,
993 2423 1028 2473 ut
1042 2409 1093 2472 hie
1111 2409 1258 2509 quedam
1273 2410 1444 2474 referamus
1459 2411 1581 2477 necesse
1598 2413 1661 2492 ell3
1692 2412 1768 2481 Erat

454 2495 657 2581 isdngulare
680 2514 757 2558 cum
782 2496 964 2561 Academia
988 2509 1059 2556 tum
1083 2490 1235 2556 Ecclesiae
1260 2493 1438 2558 Bafileensrs
1460 2515 1500 2559 eo
1516 2512 1659 2583 tempore
1674 2517 1767 2563 orna-

453 2596 621 2661 mentum,
646 2598 825 2662 quanquam
842 2580 961 2645 etiami
984 2578 1004 2643 sr
1022 2595 1099 2641 cum
1116 2576 1186 2641 viris
1204 2576 1305 2641 doliis
1323 2578 1375 2655 Jo.
1394 2577 1641 2667 oecolampadio,
1660 2583 1763 2666 Confi.

455 2660 649 2751 Phrygioue,
673 2660 795 2726 Urbana
810 2664 925 2749 Regio,
1002 2710 1009 2723 .
1029 2660 1067 2729 F.
1084 2658 1233 2745 Capitone
1251 2660 1282 2725 dt
1299 2660 1389 2745 Casp.
1407 2661 1566 2746 Hediane,
1589 2668 1644 2749 qui
1661 2665 1763 2733 ferme

454 2764 567 2809 onmes
584 2768 636 2830 per
651 2746 752 2833 ipsum
769 2750 821 2811 vel
837 2750 867 2810 in
885 2745 1072 2811 Dodlorum
1087 2748 1141 2807 vel
1158 2743 1188 2807 in
1206 2741 1422 2809 l’rofefforum
1438 2746 1583 2811 ordinem
1598 2770 1634 2812 ac
1652 2769 1765 2816 nume·

453 2848 527 2897 rum
551 2830 631 2895 sunt>
642 2830 774 2914 recepti,
798 2832 836 2896 de
853 2830 1020 2912 Religione
1034 2846 1099 2891 non
1117 2826 1184 2893 satis
1201 2826 1280 2892 bene
1297 2828 1491 2893 conveniret.
1529 2828 1764 2898 ERASMUS

452 2913 592 2980 eundem
616 2914 659 2981 A.
672 2915 772 2994 1521.
804 2916 834 2978 iu
861 2914 999 2998 Epistola
1016 2910 1164 2977 Lovanio
1177 2912 1216 2976 ad
1233 2931 1309 2976 eum
1325 2913 1394 2977 data
1408 2930 1505 2978 vocat
1518 2914 1764 2998 absolutissimam

453 2990 655 3085 masagam,
686 3000 821 3083 ejusque
845 3018 909 3063 non
931 2997 1028 3064 semel
1046 2996 1076 3060 in
1093 2995 1227 3079 epistolis
1244 2998 1405 3077 meminit,
1429 2999 1542 3084 quippe
1558 2999 1651 3081 cujus
1667 3000 1763 3084 operi

477 3102 497 3146 u
544 3105 585 3149 ue
608 3084 639 3148 in
665 3083 885 3149 concinnando
907 3083 943 3144 de
960 3080 1035 3143 libro
1050 3081 1179 3144 arbitria
1194 3082 1414 3147 schediasmate
1430 3082 1504 3148 usus
1520 3084 1597 3163 fuit,
1621 3085 1686 3149 vid.
1703 3086 1764 3149 Bi·

470 3164 524 3231 la'at
549 3167 681 3232 .Brem.
706 3167 751 3232 T.
772 3168 814 3232 11.
839 3186 908 3251 pag.
928 3184 1000 3246 595.
1024 3163 1084 3231 W.
1104 3164 1345 3232 F.CAP1T0
1364 3170 1765 3252 quoquequodcumeo-

453 3251 528 3315 dem
545 3249 631 3315 Lud.
648 3252 730 3317 Bero
749 3252 883 3318 coluerit
899 3250 1084 3330 amicitiam,
1107 3270 1144 3313 ex
1162 3251 1298 3332 quadam
1314 3251 1383 3332 ejus
1394 3250 1534 3337 Epistola
1548 3254 1578 3316 d.
1591 3272 1669 3316 vrri.
1688 3251 1765 3329 Julii

455 3335 547 3410 1526.
571 3337 609 3399 ad
626 3356 701 3401 eum
719 3336 788 3399 data
804 3334 1009 3411 collucescit,
1032 3333 1084 3395 ubi
1099 3353 1173 3396 eum
1190 3336 1323 3395 amicum
1340 3352 1476 3397 veterem
1490 3338 1641 3417 appellat,
1666 3334 1696 3396 δι
1708 3334 1764 3411 fa·

454 3413 607 3477 militarem
625 3421 828 3505 precipuum.
868 3418 898 3484 Is
922 3417 1014 3500 igitur
1036 3416 1083 3478 uti
1105 3414 1244 3496 praefidio
1268 3416 1396 3481 fundus
1420 3418 1521 3480 fuerat
1544 3418 1574 3478 in
1594 3417 1764 3496 colloquio

453 3485 603 3576 Badensr,
633 3517 795 3584 partesque
818 3501 998 3567 Pontificius
1016 3497 1191 3582 plurimum
1203 3502 1348 3578 juverat,
1371 3514 1465 3579 atque
1481 3500 1574 3560 etiam
1592 3494 1680 3560 Eccii
1696 3497 1766 3561 sen·

455 3578 555 3643 tentiis
573 3581 731 3662 postremo
749 3584 980 3670 subscripserat,
1003 3582 1044 3645 ita
1060 3597 1184 3661 temen,
1200 3582 1231 3645 in
1249 3582 1358 3644 libello
1373 3582 1515 3662 quodam
1532 3595 1600 3642 tum
1617 3583 1765 3663 temporis
1804 3627 1809 3639 .

455 3662 659 3743 argentorati
673 3667 776 3749 edito,
800 3670 976 3746 dicebatur,
1001 3664 1289 3747 Oecolampadium
1304 3666 1335 3727 in
1351 3662 1523 3727 diversorio
1538 3662 1710 3748 acceffiffe,
1734 3668 1766 3733 de

454 3750 549 3813 illurn
573 3746 711 3830 rogasse,
750 3798 772 3828 ,‚
790 3769 825 3815 ut
847 3757 898 3816 vel
922 3754 959 3816 ab
976 3750 1072 3814 unico
1088 3749 1128 3822 de
1144 3747 1334 3813 Eucharistia
1349 3748 1483 3810 articulo
1500 3746 1671 3832 desisteret,
1694 3768 1766 3817 tum

455 3880 477 3914 ‚,
496 3832 534 3893 de
551 3831 677 3978 relissulr
694 3831 788 3897 facili:
805 3837 883 3899 inter
899 3836 978 3921 ipsos
994 3847 1251 3908 conventurum3
1268 3878 1291 3910 ,‚
1315 3830 1399 3912 Quae
1415 3828 1498 3922 fama
1513 3852 1568 3915 per
1583 3852 1657 3897 enm
1675 3835 1766 3901 libel·

454 3922 524 3980 lum
547 3914 645 4006 spara
667 3912 766 3996 iplirm
792 3917 909 3984 Berum
932 3919 1188 3993 exacerbavera13
1220 3916 1271 3978 cui
1296 3914 1465 3993 leniend0‚
1492 3915 1681 3999 singularem
1701 3921 1766 3985 Ar·

476 4014 619 4063 entorato
644 4000 782 4062 mittebat
807 3999 977 4084 Epistolam
1001 3999 1250 4083 Wolsg.⁴l·‘abr.
1274 3996 1482 4062 CAPITO·
1513 4019 1611 4078 quam
1634 4023 1671 4067 er
1696 4002 1765 4083 ejus
1837 4017 1839 4020 ·

501 4083 559 4149 88.
584 4082 601 4146 l
620 4082 677 4148 srtu
696 4084 822 4149 liberare
838 4101 932 4169 atque
949 4084 1020 4148 huic
1035 4084 1198 4147 annalium
1215 4078 1332 4146 Tomo
1349 4080 1456 4148 Num.
1473 4048 1591 4149 itvll.
1615 4084 1768 4167 subjicere

454 4168 614 4249 conllirul,
638 4187 715 4233 cum
732 4187 786 4249 ee,
810 4166 840 4233 u
857 4170 895 4233 ad
913 4167 1075 4252 Capitonis
1092 4165 1256 4248 ingenium
1271 4169 1529 4250 pernoscendum
1544 4169 1661 4254 saciat,
1681 4168 1769 4236 &ad

454 4249 543 4335 ipius
559 4254 679 4338 eausa,
704 4271 776 4338 que
791 4249 926 4321 Badcua
941 4252 1053 4335 agitata
1068 4249 1190 4336 fuerat,
1210 4251 1365 4321 muira
1397 4253 1399 4257 ’
