4442 5150
420 675 587 777 arnt.
753 675 795 753 R
844 673 877 751 E
919 672 969 749 >N
1018 673 1057 750 O
1105 671 1145 750 V
1193 674 1228 750 A
1276 671 1315 751 Τ
1363 675 1396 751 Ι.
1659 660 1733 788 '353

416 815 527 906 tiam,
563 813 608 887 de
634 809 807 887 sententia
831 811 1024 906 dejiceret,
1058 831 1259 907 quanquam
1282 831 1400 885 tamen
1422 810 1568 887 laterem
1587 836 1732 916 quoque

415 913 563 986 lavaret.
606 911 704 1002 Qua:
731 934 806 1003 res,
842 933 926 982 cum
954 903 1047 979 mald
1065 908 1180 1005 ipsum
1198 907 1365 1001 haberet,
1391 907 1522 983 sadlum
1540 911 1612 1006 est,
1640 936 1681 989 ut
1699 919 1730 990 is

416 1011 585 1106 deinceps
607 1031 754 1106 quoque
771 1009 919 1080 domurn
939 1005 1051 1078 redux
1069 1004 1162 1079 male
1179 1005 1224 1078 de
1243 1007 1308 1078 hac
1328 1005 1604 1104 Disputatione,
1629 1011 1730 1109 quali

416 1109 505 1181 nulli
524 1105 638 1179 liberti
658 1109 752 1179 inea
771 1106 870 1203 loqui
887 1098 1064 1195 licuisset,
1088 1102 1233 1176 sentiret
1251 1103 1515 1198 &loqueretur
1532 1110 1607 1200 (a),
1633 1110 1730 1186 unde

364 1272 366 1277 ,
415 1229 483 1280 nec
502 1203 679 1278 Abiorum
700 1205 805 1299 hujus
824 1201 1088 1298 Disputationis
1106 1201 1220 1274 editio
1238 1200 1334 1300 apud
1353 1201 1640 1302 Noribergonscs
1658 1231 1730 1306 pu·

414 1301 513 1377 blice
530 1303 676 1377 divendi
695 1303 829 1399 potuit.

461 1401 672 1496 Joachimus
698 1395 984 1472 VADIANUS
1012 1394 1150 1473 Consul
1172 1396 1439 1474 San-Gallenlis
1455 1395 1499 1471 ad
1515 1398 1728 1478 Praefidium

414 1500 523 1595 hujus
538 1497 804 1596 Disputationis
822 1495 1041 1588 vocabatur,
1058 1498 1163 1593 cique
1179 1515 1249 1569 tres
1266 1497 1326 1570 alii
1336 1499 1404 1572 viri
1417 1520 1541 1596 graves
1549 1498 1659 1596 adjun
1687 1524 1727 1574 e·

413 1596 566 1690 bantur,
585 1617 691 1693 atque
709 1618 754 1667 ne
773 1596 808 1666 in
821 1592 922 1666 Aslis
935 1594 1008 1665 ulla
1020 1592 1108 1665 fides
1119 1592 1305 1667 defiderari
1315 1593 1452 1691 posset,
1471 1615 1625 1693 quatuor
1634 1523 1686 1669 ad
1687 1595 1729 1672 id

282 1774 284 1778 ,
413 1692 724 1767 constituebantur
738 1692 876 1765 Scribas
891 1691 1022 1785 jurati,
1042 1690 1078 1763 id
1098 1689 1285 1788 praecipue
1304 1714 1487 1785 curantes,
1505 1713 1548 1766 ut
1563 1694 1661 1768 ultro
1671 1696 1727 1768 ci·

413 1810 547 1886 troque
578 1789 671 1864 diua
696 1790 833 1864 summa
859 1788 932 1861 fide
958 1788 1276 1884 exciperentur&
1303 1813 1420 1864 rerum
1446 1812 1630 1866 momenta
1653 1788 1727 1866 rire
1821 1853 1823 1856 .

414 1886 745 1978 conscriberentur3
773 1888 932 1962 Aderant
950 1906 1123 1981 praeterea
1140 1886 1234 1959 ultra
1251 1891 1402 1961 trecenti
1418 1889 1729 1988 &quinquaginta

308 2040 310 2043 -
412 1982 609 2060 sacerdotes
636 2011 678 2061 ac
704 1987 884 2080 ministri,
918 2004 1026 2080 atque
1051 1985 1192 2080 integer
1218 1983 1368 2059 Senatus
1395 1988 1511 2086 major
1535 1989 1728 2085 minorque

412 2083 524 2184 Reip.
551 2083 802 2181 potentissimae
828 2083 871 2156 ad
890 2084 1031 2156 clavum
1050 2080 1261 2182 reipublicae
1279 2086 1340 2179 qui
1358 2082 1476 2157 sedere
1494 2083 1728 2162 consueverat

410 2189 438 2254 iv
453 2204 551 2255 avano
569 2204 810 2281 congregatus
826 2180 1008 2255 auditores
1025 2202 1146 2253 erant:
1168 2178 1248 2275 Ipsa
1259 2180 1466 2278 Disputatio
1485 2204 1548 2279 per
1564 2183 1728 2280 integros

410 2276 616 2355 odlodecim
643 2283 718 2355 dies
744 2277 1051 2370 continuabatur,
1092 2280 1334 2373 unusquisque
1359 2280 1432 2352 dies
1459 2279 1544 2351 duas
1571 2279 1727 2358 habebat

406 2373 587 2472 sessiones,
621 2403 845 2475 unaquaeque
866 2375 963 2451 seffio
982 2374 1148 2473 precibus
1167 2375 1209 2446 ad
1224 2374 1344 2447 Deum
1364 2375 1449 2448 susis
1465 2377 1725 2473 inchoabatur,

407 2472 493 2546 Pars
511 2494 663 2570 utraque
680 2474 959 2549 dissentientium
978 2473 1136 2571 eligebat
1152 2473 1215 2570 qui
1233 2472 1454 2572 reliquorum
1472 2475 1619 2547 nomine
1637 2499 1725 2554 cau·

409 2569 481 2645 sam
502 2594 733 2646 communem
749 2570 953 2671 susciperet.
1046 2650 1051 2654 .

460 2667 595 2766 Neque
622 2671 688 2745 ulli
714 2671 956 2772 denegabatur
980 2668 1135 2771 potestas
1161 2670 1218 2745 vel
1244 2695 1307 2745 ore
1333 2670 1391 2746 vel
1413 2670 1548 2772 scripto
1568 2673 1727 2770 reliquos

402 2764 580 2862 juvandi:
621 2768 793 2844 Praefides
819 2773 856 2845 in
880 2774 1000 2846 vicem
1020 2771 1216 2867 juramenti
1235 2768 1268 2845 se
1287 2772 1493 2870 tuerileges
1509 2770 1724 2867 disputatio·

406 2865 590 2945 nis0velle
625 2868 664 2939 in
689 2867 723 2940 se
747 2866 1009 2966 suscipiebant,
1052 2889 1160 2967 atque
1185 2867 1431 2965 spondebant,
1473 2867 1597 2942 senist
1624 2867 1726 2966 quod

405 2984 451 3035 ex
477 2963 675 3062 scripturis
701 2968 978 3064 comprobatum
1006 2964 1170 3054 elsetnil
1194 2966 1400 3041 admissuros
1425 2965 1518 3060 esse,
1554 2968 1724 3065 Scriptu-¹

406 3084 456 3133 rae
492 3088 621 3137 vocem
658 3064 696 3137 in
730 3067 952 3164 exponendis
987 3090 1132 3167 quoque
1159 3068 1358 3161 Scripturas
1386 3066 1554 3141 Oraculis
1581 3064 1614 3139 se
1639 3066 1724 3140 uni·

406 3154 453 3232 cd
477 3162 717 3255 admissuros,
760 3160 836 3261 qub
863 3164 1071 3239 obscuriora
1095 3189 1160 3264 per
1186 3166 1337 3239 clariora
1361 3164 1648 3254 illustrarentur,
1688 3161 1726 3235 se

406 3280 529 3335 omnes
566 3262 600 3335 lo
631 3261 812 3334 omachias
849 3260 887 3335 δε
923 3260 1116 3338 verborum
1143 3263 1396 3337 contentiones
1423 3265 1542 3336 inanes
1569 3262 1724 3354 longum

405 3357 522 3431 valere
545 3361 588 3455 ju
620 3384 702 3432 uros
727 3357 796 3432 esse
822 3378 930 3454 atque
947 3379 1158 3447 curaturos,
1183 3385 1227 3431 ne
1244 3359 1288 3431 de
1305 3386 1349 3433 eo
1368 3361 1465 3456 quod
1484 3356 1588 3431 semel
1607 3374 1723 3427 trans·

406 3450 525 3526 adium
550 3456 658 3551 esset,
693 3454 844 3530 molesta
870 3454 1089 3627 repetitirqre
1114 3453 1374 3553 disceptaretur
1400 3458 1474 3530 &c
1513 3452 1725 3561 „Primum

1080 3575 1105 3650 y
1605 3600 1633 3643 „
1653 3569 1724 3623 lta·¹

447 3760 497 3842 (a)
522 3754 576 3824 Est
600 3778 672 3827 eam
694 3764 726 3828 in
743 3785 811 3833 rem
827 3767 971 3834 notabilis
989 3762 1235 3834 ZWINGLII
1252 3763 1291 3828 ad
1309 3741 1411 3828 Cobr.
1430 3758 1581 3826 Somium
1597 3755 1723 3846 Epillo·

405 3847 455 3926 la,
478 3845 509 3908 in
528 3864 592 3927 qua
607 3843 631 3908 is
647 3846 725 3910 inter
741 3851 818 3915 alia:
844 3900 866 3933 ‚,
883 3854 1088 3918 Althamerus
1105 3850 1232 3935 insgnia
1247 3849 1358 3931 spargit
1375 3844 1558 3923 mendacia3
1582 3845 1663 3931 nulli
1682 3845 1721 3910 li·

404 3975 426 4012 „
445 3927 541 3993 cuisl'e
566 3926 661 3993 libere
681 3933 789 4015 loqui,
812 3934 844 3998 se
859 3951 969 4020 prater
984 3938 1186 4001 voluntatem
1203 3932 1355 3997 coailum
1371 3928 1539 4015 disputare,
1562 3950 1720 4013 provoca·

404 4059 427 4095 „
444 4014 530 4077 tione
555 4013 581 4078 F
586 4014 716 4079 rancisci
742 4013 861 4082 Kolbii.
901 4020 991 4085 Cum
1008 4035 1062 4100 tu,
1086 4038 1164 4084 cum
1179 4015 1327 4081 omuibus
1345 4014 1433 4081 nobis
1450 4014 1545 4097 scias,
1567 4015 1629 4095 eis,
1652 4012 1721 4078 imb

405 4143 428 4180 ,‚
444 4100 471 4161 ei
516 4096 649 4182 raecipiti:
674 4098 798 4182 copiam
824 4102 1015 4167 liberrimam
1038 4100 1101 4165 esse
1125 4099 1262 4181 fadlam,
1285 4100 1421 4183 &quod
1438 4101 1550 4165 volens
1566 4117 1604 4161 ac
1622 4097 1721 4162 libens

405 4202 464 4263 „p
510 4202 545 4247 us
567 4184 612 4248 est
638 4183 669 4248 se
694 4183 711 4247 l
734 4182 789 4249 sua
804 4199 888 4280 parte
903 4185 994 4269 eligi,
1017 4198 1053 4248 ut
1068 4185 1201 4249 oratoris
1217 4203 1349 4249 munem
1363 4184 1394 4250 in
1408 4182 1552 4268 suggestu
1572 4181 1719 4331 suspers-

404 4310 427 4347 „
445 4277 504 4328 tur.
544 4266 608 4333 sed
634 4268 710 4355 quid
736 4265 930 4335 vicissatim
947 4267 1181 4355 quamdolotl
1211 4269 1276 4337 rid.
1293 4266 1433 4357 Zaoirrgl.
1453 4268 1483 4334 dt
1501 4264 1602 4332 Oreos.

405 4348 465 4414 sol.
483 4363 554 4433 203.
573 4355 601 4417 b.
1650 4262 1718 4409 plstl
