4442 5150
423 624 604 733 ΛΑΜ(
759 632 798 706 R
846 631 880 706 E
929 631 971 705 N
1021 630 1058 705 O
1107 627 1146 705 V
1196 632 1230 706 A
1279 634 1317 709 Τ
1366 636 1397 709 Ι.
1660 651 1730 727 269
1800 609 1807 615 .

424 761 668 839 cionaroribus
686 763 851 854 mandat,
884 815 910 853 „
930 783 969 834 ut
987 762 1127 855 eloquia
1142 763 1233 852 Dei,
1260 787 1331 836 non
1351 766 1568 858 hominum,
1588 771 1727 865 populo

422 915 450 957 „
469 880 697 958 proponant,
732 858 752 930 i
779 862 947 931 convitiis
974 860 1009 931 ὃ(
1039 859 1234 932 maledidlis
1257 861 1471 957 abstineant,
1497 888 1602 962 atque
1620 864 1727 938 edidi

422 1011 449 1054 „
468 958 703 1030 violatoribus
719 955 849 1028 severas
869 979 993 1048 poenas
1012 958 1178 1028 minatur.
1196 1009 1222 1049 „
1386 988 1411 1011 -·

470 1056 540 1130 Sed
566 1058 723 1127 Gulielmi
749 1054 778 1124 F
782 1053 1005 1141 ARELLI,
1040 1054 1100 1148 qui
1125 1056 1199 1150 jam
1219 1052 1311 1148 apud
1333 1055 1531 1129 meldenses
1549 1059 1726 1130 Gulielmi

359 1209 370 1226 ,
422 1149 1726 1250 BrrffonnetiEpiscopiMeldenlis(b)austoritaredocuerarEvangelium,

422 1272 674 1346 praeproperus
693 1247 883 1338 adventus,
903 1246 1091 1341 Evangelii
1110 1247 1205 1343 apud
1219 1247 1425 1321 Basileenses
1437 1249 1628 1322 success'um
1642 1277 1726 1349 pro·

412 1346 618 1442 ,pemodum
630 1342 829 1416 evertisset:
861 1345 1015 1435 lsenim,
1033 1346 1085 1413 uti
1098 1341 1300 1440 servorejus
1311 1347 1446 1442 ingenii
1457 1346 1560 1440 plane
1574 1347 1726 1445 singula·

422 1447 572 1532 riserat,
591 1464 673 1515 cum
686 1440 800 1512 mense
812 1440 1005 1511 Februario
1015 1463 1058 1510 ex
1071 1439 1190 1512 Gallia
1200 1440 1373 1540 profugus
1386 1442 1552 1516 Basileam
1563 1445 1727 1538 venisset,

416 1541 454 1615 se
481 1539 596 1612 statim
624 1537 828 1632 Theologis
850 1538 944 1608 illius
963 1535 1059 1606 urbis
1079 1538 1121 1607 ad
1140 1537 1413 1632 disputationem
1433 1541 1613 1636 publicam
1633 1539 1724 1616 offe·

423 1636 546 1723 rebat3
583 1635 717 1731 Neque
744 1633 841 1705 certe
870 1636 905 1704 in
933 1631 1008 1729 ipso
1029 1632 1100 1702 ulla
1119 1633 1236 1708 fuiffet
1255 1637 1310 1707 vel
1329 1661 1429 1708 mora
1447 1639 1502 1709 vel
1522 1638 1727 1734 cundlatio,

422 1735 533 1806 modo
561 1733 705 1826 reliqui,
741 1732 833 1801 inter
858 1754 946 1826 quos
972 1727 1141 1824 Episcopi
1167 1736 1374 1829 cumprimis
1394 1736 1543 1807 vicarius
1563 1741 1726 1812 Henricrrs

421 1835 461 1903 de
484 1831 675 1918 Schoenaw,
710 1830 867 1920 itemque
886 1829 1075 1898 Ludovicur
1093 1830 1201 1899 Berus
1221 1836 1296 1917 (c),
1322 1831 1538 1925 Preepofitus
1557 1833 1608 1904 D.
1632 1837 1725 1907 Petri

422 1931 459 2000 ὃς
471 1927 673 1999 Academiae
684 1923 824 1996 Restor
841 1945 960 2012 erant,
980 1943 1052 1995 tam
1071 1920 1177 1995 facile
1194 1926 1358 1998 assensum
1372 1929 1469 1998 suum
1483 1929 1725 2024 praebuissent.

422 2019 641 2114 Enimvero,
662 2023 720 2113 hi,
739 2022 835 2118 quod
855 2023 988 2092 Theses
1007 2023 1104 2188 ejus,
1125 2047 1252 2114 novae,
1271 2026 1324 2095 uri
1340 2026 1571 2120 judicabant,
1590 2026 1725 2100 dour-i-

421 2146 477 2195 nae
493 2121 603 2196 essent
616 2118 757 2211 affines,
776 2120 872 2189 omni
885 2119 1012 2188 modoi
1049 2117 1474 2213 impedireconabantur,
1493 2125 1725 2221 eiquedispu·

422 2220 518 2292 randi
547 2217 758 2314 potestatem
786 2216 1027 2311 denegabant:
1064 2217 1106 2286 ld
1126 2215 1189 2287 ubi
1206 2216 1348 2298 rescivit
1367 2220 1515 2293 Senatus
1534 2222 1725 2316 Civitatis,

421 2318 450 2390 is
468 2317 498 2388 F
500 2315 607 2390 asello
627 2314 766 2404 statim,
786 2314 882 2408 quod
902 2316 977 2409 ejus
993 2312 1128 2384 Theses
1148 2313 1347 2409 Evangelio
1366 2318 1726 2392 viderenturconsor·

421 2437 516 2506 mes,
549 2414 758 2508 denegatam
782 2410 981 2506 disputandi
1001 2408 1212 2505 potestatem
1233 2411 1439 2506 indulgere,
1464 2435 1570 2511 atque
1588 2436 1627 2488 ut
1646 2418 1726 2490 tlic-

418 2533 515 2585 mata
532 2508 589 2580 sua
607 2510 643 2579 in
662 2507 817 2602 collegio
836 2505 981 2602 publice
998 2503 1179 2601 affigeret,
1199 2508 1415 2600 concedere,
1434 2535 1513 2608 quae
1528 2514 1727 2591 haecerant.

474 2632 504 2680 i.
532 2602 694 2677 Christus
713 2603 903 2700 perfodiam
924 2604 1066 2674 vivendi
1085 2604 1244 2699 regulam
1263 2604 1364 2676 nobis
1383 2608 1617 2703 praescripsit:
1731 2690 1734 2695 ,

469 2726 504 2777 2.
530 2701 665 2775 Christi
690 2703 853 2774 mandata
874 2702 952 2774 sunt
971 2701 1207 2791 observanda,
1233 2702 1439 2797 inquibus,
1465 2707 1507 2778 iis
1525 2709 1586 2801 qui
1606 2712 1725 2783 conti·

515 2801 645 2872 nenriae
665 2799 797 2870 donum
816 2824 886 2870 non
907 2799 1057 2887 liabent,
1087 2799 1367 2877 Matrimonium
1384 2804 1607 2900 praecipitur.

473 2921 504 3001 3.
531 2898 698 2970 Alienum
726 2897 776 2968 est
803 2898 845 2968 ab
866 2898 1054 2990 Evangelii
1073 2894 1154 2968 luce
1173 2898 1210 2970 δε
1227 2898 1441 2990 Judaicum,
1465 2899 1652 2975 discrimen
1671 2904 1724 2977 ci·

469 3001 473 3008 '
513 2996 662 3086 borum,
689 2994 856 3086 vestitus,
883 2996 1229 3091 cerimoniarumque
1248 2995 1393 3068 aliarum
1413 2996 1607 3095 observare.

466 3119 501 3191 4.
529 3094 740 3168 Periculosa·
768 3092 847 3164 sunt
874 3116 994 3186 preces
1017 3093 1214 3165 multorum
1233 3095 1446 3188 verborum,
1472 3119 1598 3169 contra
1614 3098 1726 3171 ‚Chri-

513 3192 794 3264 stimandatum.

468 3315 501 3386 5.
528 3289 705 3361 Officium
728 3284 961 3358 Sacerdorum
982 3289 1171 3382 proprium
1186 3285 1237 3359 ell
1254 3289 1450 3384 praedicare
1468 3290 1616 3363 verbum
1632 3292 1725 3383 Dei,

514 3387 621 3481 idque
637 3384 804 3457 omnibus
822 3381 1097 3478 praeferendum.

1020 3481 1075 3551 Ll
1106 3503 1121 3576 3
1553 3490 1587 3552 6.
1615 3482 1725 3553 Man·

464 3610 512 3690 (a)
538 3606 713 3672 ERASM.
732 3606 861 3691 Epistol.
875 3604 1011 3670 ndBilib.
1027 3604 1387 3690 PircltheimAEpillolar.
1405 3603 1724 3673 nDCLXXXIV.

422 3697 479 3760 fol.
498 3690 571 3770 803.
611 3738 632 3770 „
651 3692 846 3772 Argentorati
872 3709 1003 3771 maqnus
1029 3690 1070 3753 cll
1095 3692 1251 3754 turnultus
1276 3691 1368 3752 etiam
1393 3689 1421 3750 in
1440 3689 1567 3753 Senatu.
1606 3690 1725 3758 Noster

422 3828 444 3862 „
462 3775 653 3917 magistr-usus
670 3777 764 3857 coepit
780 3775 969 3840 moderatius
986 3773 1090 3839 lavere
1107 3772 1312 3852 Lurherauis‚
1336 3773 1446 3836 timent
1461 3778 1643 3857 exemplum
1662 3779 1725 3843 Ar·

483 3876 606 3922 enrinen
621 3876 700 3918 mm.

422 3911 444 3947 ’²
462 3881 514 4026 ¹ib)
542 3941 633 4004 Fauii
649 3939 821 4004 admodum
833 3937 1007 4018 Evangelio
1022 3939 1261 4004 renascentiBri
1286 3956 1407 4017 oneras,
1424 3956 1518 4021 atque
1530 3942 1608 4007 illud
1624 3944 1727 4025 mvii,

421 4031 473 4095 sed
491 4047 555 4091 non
573 4045 626 4100 ea,
643 4042 706 4104 qua
721 4042 772 4101 par
787 4038 851 4085 erat
864 4026 959 4089 animi
974 4025 1155 4088 constantia.
1177 4022 1241 4085 vid.
1288 4026 1378 4089 heud‘.
1388 4024 1489 4091 BEZ.
1503 4027 1584 4091 Hist.
1598 4026 1729 4094 Eccles.

423 4114 475 4177 des
500 4111 573 4195 Egi.
598 4107 671 4172 Ref.
696 4104 797 4169 Tom.
817 4105 842 4168 1.
864 4126 932 4190 pag.
952 4127 981 4185 5.
1343 4132 1345 4136 ,
1576 4161 1578 4167 ,

466 4198 516 4275 (c)
541 4194 594 4259 De
607 4188 874 4264 LudovicoBero,
894 4192 944 4255 ubi
960 4192 998 4253 ad
1018 4189 1059 4254 A.
1072 4190 1164 4270 1526.
1187 4190 1424 4279 devenerimuS,
1440 4194 1595 4262 historiam
1609 4192 1729 4279 Dispu-

423 4278 541 4345 rationis
559 4274 703 4345 Badensrs
720 4272 908 4355 enarraturi,
925 4274 1074 4357 quodam
1088 4277 1313 4343 mouebumur.
