4442 5150
505 615 575 716 238
693 594 1074 691 HISTORIA
1119 604 1559 685 EVANGELII

556 746 635 842 lpsa
653 745 771 818 saltem
791 744 914 818 civitas
934 737 1242 814 BERNENSIS
1265 739 1309 836 ll.
1327 761 1429 833 1523.
1449 741 1541 812 inter
1558 740 1812 839 reliquasHel·

504 849 611 920 vetite
632 845 819 930 civitates,
847 838 925 935 post
943 836 1159 930 Tigurinam
1172 837 1221 921 (a)
1242 837 1401 905 omnium
1422 839 1535 928 prima
1553 838 1587 911 d.
1603 840 1695 912 XV.
1712 841 1813 934 Junii

504 941 659 1028 edislum
688 939 849 1034 publicat
877 938 910 1005 in
939 934 1038 1006 causa
1061 931 1264 1025 religionis,
1291 934 1393 1023 cujus
1412 933 1548 1006 summa
1563 937 1643 1009 haec
1660 958 1737 1011 erat
1754 941 1812 1034 (b)

506 1092 533 1132 „
553 1040 649 1111 Cum
667 1035 903 1127 discrepantes
921 1031 965 1101 de
984 1030 1054 1100 lide
1072 1028 1254 1099 sententiae
1271 1029 1458 1101 audiantur
1475 1055 1542 1128 pro
1558 1037 1754 1129 concione,
1775 1038 1815 1112 &

506 1186 532 1228 „
551 1135 609 1205 alii
637 1135 671 1204 in
698 1132 784 1202 alins
810 1128 1026 1216 fulminent,
1059 1126 1152 1196 velle
1179 1123 1457 1218 Magistratum,
1481 1150 1523 1201 ut
1542 1133 1815 1208 concionatores

505 1285 533 1325 „
552 1255 662 1302 unum
690 1251 811 1299 omnes
840 1225 1103 1318 Evangelium,
1132 1221 1202 1294 hoc
1220 1226 1292 1310 cll,
1318 1222 1515 1296 dodrinam
1536 1227 1556 1296 ὲ
1575 1227 1658 1299 Deo
1676 1230 1813 1303 revela·

504 1381 530 1421 „
549 1347 646 1418 tarn,
680 1327 715 1397 δι
733 1345 959 1418 quaecunque
976 1344 1020 1391 ex
1041 1318 1193 1411 Scriptis
1212 1319 1434 1412 propheticis
1453 1323 1491 1394 &
1511 1324 1731 1417 Apostolicis
1748 1328 1812 1400 de·

503 1478 530 1519 „
544 1420 812 1516 'setrdipolsrnt,
832 1423 867 1490 in
884 1421 977 1491 clara
995 1419 1075 1488 luce
1089 1413 1230 1486 suorum
1242 1416 1443 1488 auditorum
1454 1421 1661 1492 enuntient:
1690 1422 1811 1520 Qiic·

505 1575 534 1616 „
553 1521 638 1614 quid
665 1542 783 1591 nutem
805 1516 1003 1610 Scripturis
1019 1513 1121 1585 sacris
1138 1510 1361 1604 adversatur,
1390 1513 1461 1585 five
1480 1516 1568 1588 illud
1585 1514 1606 1588 ὲ
1622 1517 1813 1612 Lutliero,

505 1671 531 1711 „
553 1617 624 1690 slve
650 1616 694 1687 ab
720 1617 795 1687 aliis
821 1611 978 1701 dietum,
1014 1610 1233 1705 scriptumve
1253 1607 1316 1701 fit,
1342 1634 1386 1682 ne
1403 1614 1596 1709 attingant.
1639 1615 1814 1691 Seditiosa

505 1769 531 1809 „
551 1740 595 1787 ne
621 1716 832 1810 loquantur:
869 1709 947 1800 Qui
972 1707 1069 1779 secus
1095 1704 1267 1796 fecerint,
1302 1707 1344 1778 iis
1372 1732 1518 1802 poenam
1542 1710 1670 1807 justam
1689 1712 1814 1789 decre·

504 1866 531 1907 „
552 1833 635 1883 tarn.
656 1863 682 1901 „
726 1809 942 1902 Quanquam
970 1806 1076 1875 etiam
1105 1802 1229 1875 eodem
1256 1827 1349 1873 anno
1367 1805 1460 1900 apud
1480 1808 1692 1900 Bernenses,
1717 1810 1815 1887 sedi

504 1908 649 2001 reliquis
677 1907 777 2001 pagis
805 1903 855 1973 ibi
883 1901 1111 1996 congregatis
1130 1897 1291 1970 adversus
1307 1900 1531 1997 Zwinglium
1552 1907 1605 1997 (c)
1623 1929 1734 2003 grave
1750 1908 1814 1981 ad·

504 2003 765 2172 godumselset
793 1997 927 2074 fastum
946 2003 1145 2070 decretum.
1188 1999 1310 2094 Atque
1329 2000 1407 2070 haec
1426 2000 1570 2097 quidem
1588 2001 1633 2074 de
1651 2003 1814 2080 Ciuitate

539 2124 685 2172 erneni.
1685 2137 1691 2147 ·

548 2198 626 2290 Jam
656 2194 752 2291 quod
778 2215 895 2292 agrum
916 2189 1101 2265 concernit
1121 2191 1337 2285 Beruensem,
1363 2188 1464 2264 fnisse
1482 2192 1517 2263 in
1535 2216 1624 2292 agro
1641 2188 1811 2271 Bernenfi

503 2292 672 2390 fingulari
701 2291 811 2364 modo
835 2290 1025 2387 Evangelii
1051 2287 1188 2359 causam
1217 2311 1419 2384 promotam
1440 2289 1605 2364 discimus
1624 2318 1688 2392 per
1705 2299 1810 2370 Geor·

498 2398 592 2489 giam
618 2395 828 2465 Brunnerum
855 2385 1207 2483 Landsbergcnsem,
1250 2385 1458 2460 Diaconum
1487 2387 1627 2463 Decani
1655 2392 1812 2466 Minfin·

502 2488 642 2587 gensis,
675 2491 809 2584 quippe
836 2488 896 2582 qui
915 2484 1051 2558 disertis
1070 2480 1186 2553 verbis
1204 2482 1337 2574 Papam
1357 2489 1544 2559 Romanum
1561 2512 1711 2588 propter
1728 2491 1813 2565 cha·

501 2585 652 2660 rasteres
680 2584 892 2658 Antichristi
921 2585 956 2655 in
985 2578 1202 2678 Apocalypfi
1231 2580 1358 2653 obvios
1377 2584 1540 2658 edicebat
1558 2590 1617 2682 effe
1634 2590 1816 2665 Antichri-

495 2684 608 2779 stnm3
646 2684 742 2776 Quae
762 2708 813 2756 res
835 2680 1001 2780 singulari
1019 2676 1264 2772 inquifinoni,
1290 2700 1398 2777 atque
1416 2681 1582 2755 instituto
1601 2683 1816 2762 auetoritate

503 2781 561 2852 Ill.
592 2783 738 2854 Senatus
757 2779 940 2851 Bernenfis
959 2776 1144 2870 colloquio
1164 2773 1313 2868 publico
1336 2778 1433 2848 dedit
1451 2779 1587 2873 ansam,
1614 2784 1649 2853 in
1668 2808 1741 2878 quo
1760 2804 1814 2857 ta·

411 2906 415 2916 ’
501 2902 583 2950 men
611 2882 660 2953 ita
681 2876 918 2972 justificatus,
944 2874 1042 2972 qnod
1060 2872 1136 2944 solo
1156 2872 1229 2943 Dei
1247 2873 1573 2959 verbododlrinam
1593 2876 1686 2951 suam
1705 2882 1814 2953 inniti

502 2974 796 3064 demonstrasset,
839 2972 1076 3062 triumphavit
1105 2971 1338 3062 Brunnerus,
1382 2992 1422 3043 ut
1450 2974 1599 3044 Senatus
1626 2976 1813 3048 decretum

502 3068 629 3161 ferrer,
665 3122 692 3162 „
708 3092 788 3141 euni
808 3091 880 3140 non
898 3063 1012 3140 solum
1033 3064 1137 3162 plene*
1156 3065 1197 3136 ad
1217 3069 1365 3161 quaesita
1383 3068 1427 3139 ab
1445 3068 1647 3141 adversariis
1666 3070 1811 3165 respon·

504 3219 530 3259 „
551 3166 654 3256 dille,
692 3160 816 3238 veriam
845 3167 975 3255 etiam,
1010 3186 1090 3235 eum
1118 3164 1268 3260 dignum
1295 3164 1397 3239 suiss'e
1419 3166 1660 3260 declaratum,
1694 3171 1814 3268 quiin

382 3338 387 3361 Ι
459 3261 463 3271 ’
502 3317 529 3358 ,,
550 3260 675 3337 officio
692 3260 877 3336 ministerii
894 3261 981 3336 sacri
999 3283 1176 3360 pergeret.
1196 3261 1253 3355 (d)

1742 3362 1815 3439 Sed

544 3510 593 3653 (p)
618 3498 765 3591 Tigurini
793 3507 886 3652 ,enlrp
903 3504 971 3584 jam
996 3503 1039 3569 A.
1061 3521 1153 3582 1520.
1191 3503 1349 3585 ejusmodi
1374 3504 1536 3570 deerctntn
1559 3508 1814 3592 publicaverant,

501 3586 1110 3771 vssqprvoasngqhqfftlapmpoqq
1128 3683 1161 3735 'a
1175 3655 1274 3753 ¹1523.
1298 3692 1328 3753 p.
1350 3672 1420 3750 165.
1453 3672 1560 3754 Ipsum
1575 3675 1656 3739 vero
1673 3608 1815 3747 ediditm

501 3758 649 3858 prigrnalq
674 3775 715 3818 nu
739 3777 771 3819 er
791 3777 833 3853 ert¹
846 3756 977 3820 tenebris
995 3771 1122 3821 erutum
1139 3757 1227 3821 nobis
1243 3755 1447 3837 suppeditavit
1463 3756 1519 3820 (ΖΙ.
1537 3757 1813 3828 SCHEURER.

501 3838 1153 4021 in(reipperbmqqqppqffipa3..
1173 3917 1336 3997 asem.

533 4008 593 4107 td)
619 4006 699 4072 Hac
715 4026 822 4072 omnia
838 4027 915 4071 cum
932 4008 1064 4071 breviter
1080 4004 1097 4067 :l
1116 3944 1205 4083 stt.
1220 4000 1564 4103 ,HOTTtNGERo
1580 4010 1610 4074 in
1627 4008 1698 4073 See.
1709 4003 1809 4073 xvt.

502 4090 538 4155 P.
558 4092 600 4156 ΙΙ.
624 4113 655 4175 ρ.
674 4089 725 4170 88,
744 4089 794 4172 89.
819 4090 916 4155 essent
930 4109 967 4153 ex
986 4089 1022 4153 B.
1043 4090 1163 4186 Hallerr
1180 4088 1308 4170 epistola
1322 4090 1475 4155 anecdota
1489 4107 1643 4172 enarrata,
1666 4105 1734 4153 tnm
1751 4109 1812 4153 nu·

497 4171 1615 4343 r.....s
