4442 5150
452 645 618 738 nrm..
783 638 824 712 n
873 638 905 710 n
955 637 997 711 N
1047 623 1085 712 o
1134 636 1171 712 v
1222 640 1255 713 n
1303 639 1341 716 v
1385 646 1422 718 r.
1691 671 1757 752 393
1885 597 1887 600 ’

448 797 497 844 va
524 765 736 843 Glaronenfi
756 767 871 863 paret)
899 768 1087 839 Decanum
1107 767 1281 842 Ecclesiae
1299 774 1428 869 agebat
1446 778 1611 852 Henricus
1628 777 1758 853 BUL·

451 865 739 947 LINGERUS
760 867 911 936 Henrici
930 866 1103 960 Tigurini
1122 867 1227 938 Pater
1246 868 1317 958 (a):
1345 871 1379 940 Is
1398 873 1478 966 post
1496 877 1627 972 viginti
1647 876 1757 952 trium

452 988 628 1037 annorum
656 961 921 1052 ministerium,
954 963 996 1032 ad
1023 963 1208 1034 veritatem
1237 964 1520 1061 Evangelicam‚
1554 975 1658 1066 cujus
1679 976 1758 1072 jam

451 1085 556 1135 antea
577 1061 670 1155 saepe
687 1057 855 1130 scintillas
872 1057 1041 1150 senserat,
1066 1059 1277 1152 conversus,
1302 1060 1365 1133 sub
1384 1063 1524 1136 initium
1541 1068 1670 1142 menfis
1686 1072 1758 1144 Fe·

453 1159 587 1232 bruarii
615 1157 720 1252 hujus
748 1158 828 1227 anni
856 1155 1005 1251 publico
1031 1155 1190 1234 sermone
1205 1156 1263 1251 (b)
1291 1155 1463 1254 profeffus
1486 1161 1559 1255 est,
1597 1164 1758 1263 „seper

452 1308 480 1349 „
499 1279 608 1328 annos
629 1275 686 1348 23.
704 1252 869 1347 equidem
888 1253 1067 1322 auditores
1085 1250 1163 1324 suos
1180 1251 1359 1347 docuiIst,
1383 1280 1424 1328 ea
1441 1282 1523 1354 quae
1541 1283 1623 1331 vera
1641 1263 1761 1336 credi·

454 1406 482 1445 „
501 1354 621 1424 derat:
647 1350 705 1422 sed
725 1373 806 1422 curn
829 1351 864 1419 in
882 1349 1054 1420 coecitate
1071 1347 1130 1420 sua
1147 1348 1299 1423 versatus
1316 1349 1455 1446 fuiffet,
1473 1355 1507 1427 se
1524 1379 1668 1452 quoque
1685 1383 1761 1433 non

451 1501 479 1542 „
500 1448 564 1520 nisi
588 1471 700 1519 meras
729 1445 886 1517 tenebras
913 1446 984 1515 illis
1010 1444 1180 1517 exhibere
1205 1447 1380 1541 potuisse5
1407 1449 1440 1522 se
1459 1453 1578 1550 iraque
1597 1455 1687 1551 Ejus
1707 1459 1758 1530 rei

450 1598 479 1638 ‚‚
495 1550 568 1642 jam
586 1546 679 1640 apud
700 1543 820 1614 Deum
841 1562 960 1636 petere
978 1543 1139 1633 veniam,
1157 1563 1264 1639 atque
1282 1545 1539 1643 imposterum,
1558 1550 1678 1625 divina
1693 1553 1760 1626 ud-

450 1695 480 1736 „
495 1649 643 1739 juvante
668 1642 803 1736 gratio,
833 1662 958 1733 puram
985 1636 1104 1710 salutis
1131 1641 1223 1710 viam
1245 1664 1290 1712 ex
1307 1635 1389 1714 solis
1409 1645 1525 1718 Sacris
1542 1647 1654 1720 literis
1671 1650 1760 1722 hau·

454 1792 481 1832 ‚‚
503 1740 658 1812 riendam
678 1739 746 1809 illis
765 1735 957 1807 monstrare
974 1734 1087 1825 velle,
1106 1759 1237 1831 eosque
1253 1739 1296 1809 ad
1313 1737 1425 1813 solutu
1441 1740 1561 1831 Jesum
1573 1745 1763 1821 Christum

454 1888 483 1929 „
502 1837 750 1908 manuducere.
775 1884 803 1924 ‚,
854 1833 907 1903 Ea
933 1855 985 1903 res
1012 1830 1108 1926 quod
1135 1833 1269 1906 insueta
1295 1836 1476 1909 videretur
1502 1840 1666 1935 plurimis
1692 1867 1761 1918 nec

443 1932 594 2031 ⁸ferenda
618 1931 826 2027 cumprimis
849 1927 1073 2020 Pontificiis,
1100 1953 1163 2025 per
1177 1934 1402 2029 Huneggerum
1419 1936 1617 2010 Praetor‘em
1636 1939 1762 2031 Qrin·

456 2055 525 2127 que
551 2030 687 2126 prgicis
711 2026 1014 2119 denunciabant,
1046 2027 1107 2120 qui
1127 2031 1273 2124 nequid
1293 2054 1346 2102 res
1364 2030 1537 2127 papistica
1554 2034 1763 2111 detrimenti

454 2148 597 2225 caperet
626 2127 880 2222 providerent,
907 2124 993 2196 dum
1011 2122 1146 2196 interea
1160 2127 1233 2220 jam
1251 2124 1425 2200 dodirinae
1445 2133 1582 2225 puriori
1601 2132 1764 2209 favente&

453 2227 561 2298 multi
587 2223 631 2308 ad
657 2223 877 2318 Tigurinos,
904 2222 965 2315 qui
980 2218 1066 2314 ipsrs
1084 2219 1312 2296 subvenirent
1330 2249 1403 2296 rem
1425 2226 1601 2300 referunt:
1633 2229 1763 2304 Enim·

452 2319 539 2394 vero
559 2316 685 2418 paritur
704 2318 841 2410 abfuit,
860 2319 947 2415 quin
967 2316 1092 2388 seditio
1112 2318 1172 2389 illa
1190 2320 1282 2390 inter
1299 2321 1394 2391 cives
1412 2344 1539 2395 exorta
1554 2327 1765 2401 inmutuum

453 2420 589 2490 eaedem
617 2414 876 2507 degeneraffet‚
911 2411 975 2485 nisi
1004 2413 1084 2509 post
1103 2415 1231 2487 multas
1251 2417 1288 2487 ἂ
1308 2417 1495 2488 acerrimas
1512 2425 1764 2498 contentiones

454 2536 564 2610 opera
589 2510 854 2679 Tigurinorum
873 2511 1073 2605 legatorum
1093 2507 1138 2583 εὸ
1157 2511 1297 2584 tandem
1317 2513 1556 2607 plurimorum
1575 2537 1662 2591 vota
1678 2519 1766 2597 fuis·

452 2611 529 2684 sent
565 2607 639 2680 dire
679 2631 718 2700 a,
770 2660 797 2701 „
818 2607 962 2679 Miffam
990 2608 1027 2682 ὃ(
1053 2608 1223 2705 reIIquam
1252 2611 1501 2683 inventionum
1529 2616 1766 2695 humanarum

454 2760 481 2803 „
499 2706 709 2804 farraginem
728 2704 895 2803 abrogari
913 2705 1063 2795 debere,
1089 2706 1265 2803 Imagines
1283 2727 1400 2779 autern
1421 2706 1630 2805 abolendas„
1656 2736 1765 2812 atque

453 2824 601 2901 „certo
627 2803 767 2875 cuidam
795 2802 881 2874 loco
905 2802 1157 2889 includendam
1186 2806 1448 2876 Advocandurn
1468 2803 1538 2880 effe
1559 2816 1573 2894 I
1583 2810 1765 2886 Henricus

453 2956 479 2997 ,‚
497 2904 590 2976 enim
602 2901 704 2971 Pater
723 2899 806 2970 loco
821 2898 946 2972 cedere
956 2898 1125 2972 debuerat
1137 2900 1210 2991 (c))
1231 2924 1364 2973 novum
1375 2901 1553 2975 Pastorem
1566 2905 1764 3005 Evangeli-

452 3054 479 3094 „
498 3025 581 3074 cum
604 2998 675 3072 &e
711 2996 764 3067 Ea
782 3016 867 3069 voto
885 3020 968 3069 cum
988 2996 1224 3072 Bernensrbus
1243 2998 1570 3094 (drinmtuissent,
1589 3004 1626 3075 hi
1645 3004 1765 3089 statim

453 3094 654 3197 permiffos
671 3093 830 3191 legatos,
849 3094 1214 3266 Bremogartssngeziu
1232 3097 1302 3209 hoc
1318 3096 1435 3172 studio
1446 3100 1701 3196 corroborare,
1720 3104 1767 3178 ad
1867 3167 1870 3173 .

989 3254 997 3269 .
1674 3222 1768 3273 con-

498 3361 546 3439 (a)
571 3356 625 3423 De
646 3377 685 3421 eo
705 3357 773 3437 jam
791 3353 937 3439 quodam
953 3350 1187 3419 observavimus
1205 3356 1236 3421 in
1252 3358 1422 3423 Introduel.
1470 3404 1477 3418 .
1495 3356 1624 3423 LVIII.
1649 3376 1679 3439 p.
1693 3373 1764 3441 125.

498 3443 549 3518 (b)
574 3437 821 3504 HOTTING.
848 3439 946 3501 Helv.
972 3436 1014 3499 Κ.
1033 3435 1076 3502 G.
1124 3453 1223 3517 ·457.
1247 3437 1422 3503 RUCHA
1466 3485 1473 3499 .
1498 3444 1520 3500 I.
1536 3459 1564 3501 c.
1589 3460 1618 3518 p.
1637 3454 1708 3520 394.

494 3522 552 3599 ¹(e)
576 3522 675 3584 Henr.
692 3519 934 3588 BULLING.
960 3517 986 3582 F
990 3521 1022 3581 il.
1044 3520 1074 3583 In
1091 3457 1187 3583 diario
1204 3521 1261 3586 suo
1276 3522 1314 3584 ad
1333 3521 1374 3584 A.
1389 3538 1480 3612 1529.
1504 3521 1569 3581 Iraec
1585 3524 1763 3592 annotavit:

457 3603 579 3669 Parent
605 3607 700 3684 noster
726 3607 740 3667 e*
756 3607 867 3749 fania
886 3618 1010 3690 propter
1036 3603 1196 3686 confrffam
1220 3605 1385 3666 veritatem
1402 3602 1515 3682 asellus
1531 3603 1582 3683 est.
1621 3600 1766 3678 Dixerat

452 3704 507 3773 pro
534 3687 671 3749 concione
692 3689 753 3770 pub
768 3690 834 3769 ica,
861 3686 1005 3750 hedenus
1015 3689 1048 3766 se
1066 3685 1233 3763 Ecclefiam
1249 3682 1530 3768 Bremgartenfium
1548 3686 1766 3773 Papisiicafi.

456 3768 575 3853 duxiffe
592 3769 748 3850 dollrina,
758 3770 899 3911 jeccaffe
917 3788 1020 3833 autem
1027 3772 1062 3850 se
1080 3773 1135 3832 hac
1152 3773 1185 3832 in
1202 3795 1235 3832 re
1252 3772 1461 3853 ignorantem:
1485 3790 1566 3831 nunc
1583 3774 1655 3833 veri
1666 3790 1764 3858 paru·

454 3873 522 3920 tum
547 3852 602 3935 effe
627 3850 694 3912 illos
709 3853 742 3913 in
779 3854 894 3916 omina
911 3854 1029 3934 Christi
1046 3854 1187 3933 erudire,
1203 3853 1232 3930 ſs
1244 3855 1362 3931 ferant.
1401 3849 1518 3917 Verum
1535 3854 1763 3924 tumultuantes

456 3939 548 4016 officio
565 3935 713 4019 Aaejenum
730 3935 858 3998 ciuitate
869 3954 909 4022 pe
932 3937 1066 3999 ulerunt.
1105 3936 1170 4021 Ipse
1188 3938 1259 3997 arero'
1276 3928 1428 4019 Tigururn
1446 3936 1532 3998 vento
1550 3938 1590 4010 ξ»)
1607 3945 1763 4023 negotium

456 4023 585 4087 Senatui
601 4042 640 4081 ex
662 4018 756 4096 osuit,
778 4020 831 4103 qui
848 3954 946 4081 mudo
958 4037 1014 4114 pro
1031 4018 1219 4103 Evangciiro
1236 4021 1351 4102 negotio
1362 4020 1441 4104 ugit.
1465 4012 1601 4084 Tandem
1617 4024 1762 4105 offellum

452 4110 523 4186 ast,
556 4120 591 4167 nt
649 4098 799 4179 ernastum
824 4100 1058 4182 Schdnstxnm,
1090 4105 1195 4163 virum
1214 4103 1305 4186 pium
1329 4099 1370 4174 &
1393 4103 1514 4167 dolium
1537 4105 1705 4188 deligerent
1727 4110 1762 4174 in

460 4189 616 4268 Pastorem
634 4189 728 4249 cives.
760 4204 794 4246 v.
812 4180 954 4247 Miscell.
974 4182 1089 4267 Tigur.
1113 4183 1216 4264 Toni.
1235 4183 1261 4248 Ι,
1286 4182 1404 4254 Fascio.
1423 4185 1467 4257 IL
1489 4209 1521 4275 p-
1539 4207 1590 4271 22,
1607 4202 1658 4273 ²3·

499 4271 552 4352 (d)
575 4266 802 4339 RUCHAT.
828 4270 847 4332 1,
868 4285 895 4331 c.
920 4283 958 4333 er
974 4266 1114 4336 instruit.
1137 4265 1283 4337 Beruens.
1302 4266 1374 4340 286.
1472 4294 1476 4300 ·
