<?xml version="1.0" encoding="UTF-8"?>
<!DOCTYPE html PUBLIC "-//W3C//DTD XHTML 1.0 Transitional//EN"
    "http://www.w3.org/TR/xhtml1/DTD/xhtml1-transitional.dtd">
<html xmlns="http://www.w3.org/1999/xhtml" xml:lang="en" lang="en">
 <head>
  <title>
</title>
<meta http-equiv="Content-Type" content="text/html;charset=utf-8" />
  <meta name='ocr-system' content='tesseract 3.04.00' />
  <meta name='ocr-capabilities' content='ocr_page ocr_carea ocr_par ocr_line ocrx_word'/>
</head>
<body>
  <div class='ocr_page' id='page_1' title='image "./introductioinhi01gerdgoog_0335.png"; bbox 0 0 4442 5150; ppageno 0'>
   <div class='ocr_carea' id='block_1_1' title="bbox 457 641 1766 753">
    <p class='ocr_par' dir='ltr' id='par_1_1' title="bbox 457 641 1766 753">
     <span class='ocr_line' id='line_1_1' title="bbox 457 641 1766 753; baseline 0.009 -37"><span class='ocrx_word' id='word_1_1' title='bbox 457 653 623 747; x_wconf 57' lang='lat' dir='ltr'>rma</span> <span class='ocrx_word' id='word_1_2' title='bbox 774 641 1445 752; x_wconf 73' lang='lat' dir='ltr'>nnuovmrn</span> <span class='ocrx_word' id='word_1_3' title='bbox 1696 674 1766 753; x_wconf 57' lang='grc' dir='ltr'>,ω</span> 
     </span>
    </p>
   </div>
   <div class='ocr_carea' id='block_1_2' title="bbox 450 770 1766 2730">
    <p class='ocr_par' dir='ltr' id='par_1_2' title="bbox 450 770 1765 2030">
     <span class='ocr_line' id='line_1_2' title="bbox 456 770 1761 874; baseline 0.003 -21"><span class='ocrx_word' id='word_1_4' title='bbox 456 783 541 874; x_wconf 92' lang='lat' dir='ltr'>bat,</span> <span class='ocrx_word' id='word_1_5' title='bbox 560 780 610 872; x_wconf 84' lang='lat' dir='ltr'>(a)</span> <span class='ocrx_word' id='word_1_6' title='bbox 637 799 740 874; x_wconf 85' lang='lat' dir='ltr'>quarn</span> <span class='ocrx_word' id='word_1_7' title='bbox 760 772 854 846; x_wconf 86' lang='lat' dir='ltr'>sorte</span> <span class='ocrx_word' id='word_1_8' title='bbox 876 770 1108 868; x_wconf 83' lang='lat' dir='ltr'>promovisset</span> <span class='ocrx_word' id='word_1_9' title='bbox 1128 772 1340 869; x_wconf 87' lang='lat' dir='ltr'>disputando</span> <span class='ocrx_word' id='word_1_10' title='bbox 1359 779 1451 850; x_wconf 87' lang='lat' dir='ltr'>inter</span> <span class='ocrx_word' id='word_1_11' title='bbox 1469 777 1604 852; x_wconf 87' lang='lat' dir='ltr'>medios</span> <span class='ocrx_word' id='word_1_12' title='bbox 1621 777 1761 873; x_wconf 73' lang='lat' dir='ltr'>hostes3</span> 
     </span>
     <span class='ocr_line' id='line_1_3' title="bbox 455 870 1762 976; baseline 0 -23"><span class='ocrx_word' id='word_1_13' title='bbox 455 881 649 975; x_wconf 85' lang='lat' dir='ltr'>Postquam</span> <span class='ocrx_word' id='word_1_14' title='bbox 677 875 814 967; x_wconf 84' lang='lat' dir='ltr'>aliquot</span> <span class='ocrx_word' id='word_1_15' title='bbox 842 871 914 942; x_wconf 89' lang='lat' dir='ltr'>dies</span> <span class='ocrx_word' id='word_1_16' title='bbox 940 871 1033 941; x_wconf 89' lang='lat' dir='ltr'>inter</span> <span class='ocrx_word' id='word_1_17' title='bbox 1062 870 1214 944; x_wconf 85' lang='lat' dir='ltr'>Eccium</span> <span class='ocrx_word' id='word_1_18' title='bbox 1242 876 1278 946; x_wconf 74' lang='lat' dir='ltr'>dt</span> <span class='ocrx_word' id='word_1_19' title='bbox 1299 874 1646 971; x_wconf 85' lang='lat' dir='ltr'>Occolnmpadium,</span> <span class='ocrx_word' id='word_1_20' title='bbox 1672 904 1762 976; x_wconf 91' lang='lat' dir='ltr'>quo·</span> 
     </span>
     <span class='ocr_line' id='line_1_4' title="bbox 455 965 1762 1068; baseline 0.002 -16"><span class='ocrx_word' id='word_1_21' title='bbox 455 1002 534 1052; x_wconf 83' lang='lat' dir='ltr'>tum</span> <span class='ocrx_word' id='word_1_22' title='bbox 563 976 623 1047; x_wconf 89' lang='lat' dir='ltr'>ille</span> <span class='ocrx_word' id='word_1_23' title='bbox 650 969 905 1058; x_wconf 74' lang='lat' dir='ltr'>confidentia,</span> <span class='ocrx_word' id='word_1_24' title='bbox 948 966 1008 1038; x_wconf 90' lang='lat' dir='ltr'>hic</span> <span class='ocrx_word' id='word_1_25' title='bbox 1036 965 1249 1041; x_wconf 84' lang='lat' dir='ltr'>Chrillianae</span> <span class='ocrx_word' id='word_1_26' title='bbox 1277 973 1311 1041; x_wconf 93' lang='lat' dir='ltr'>in</span> <span class='ocrx_word' id='word_1_27' title='bbox 1339 970 1551 1068; x_wconf 86' lang='lat' dir='ltr'>disputando</span> <span class='ocrx_word' id='word_1_28' title='bbox 1579 977 1762 1055; x_wconf 80' lang='lat' dir='ltr'>modestiae</span> 
     </span>
     <span class='ocr_line' id='line_1_5' title="bbox 456 1063 1763 1168; baseline 0.002 -20"><span class='ocrx_word' id='word_1_29' title='bbox 456 1075 597 1148; x_wconf 83' lang='lat' dir='ltr'>laudern</span> <span class='ocrx_word' id='word_1_30' title='bbox 628 1071 778 1156; x_wconf 89' lang='lat' dir='ltr'>meruit,</span> <span class='ocrx_word' id='word_1_31' title='bbox 806 1063 1023 1162; x_wconf 86' lang='lat' dir='ltr'>disputatum</span> <span class='ocrx_word' id='word_1_32' title='bbox 1043 1089 1116 1136; x_wconf 91' lang='lat' dir='ltr'>non</span> <span class='ocrx_word' id='word_1_33' title='bbox 1136 1066 1206 1140; x_wconf 87' lang='lat' dir='ltr'>fine</span> <span class='ocrx_word' id='word_1_34' title='bbox 1224 1070 1338 1140; x_wconf 90' lang='lat' dir='ltr'>multa</span> <span class='ocrx_word' id='word_1_35' title='bbox 1354 1071 1544 1143; x_wconf 81' lang='lat' dir='ltr'>verborum</span> <span class='ocrx_word' id='word_1_36' title='bbox 1565 1070 1658 1168; x_wconf 87' lang='lat' dir='ltr'>saepe</span> <span class='ocrx_word' id='word_1_37' title='bbox 1674 1101 1763 1150; x_wconf 89' lang='lat' dir='ltr'>con·</span> 
     </span>
     <span class='ocr_line' id='line_1_6' title="bbox 458 1161 1763 1261; baseline 0.001 -15"><span class='ocrx_word' id='word_1_38' title='bbox 458 1172 627 1261; x_wconf 87' lang='lat' dir='ltr'>tumelia,</span> <span class='ocrx_word' id='word_1_39' title='bbox 662 1168 781 1238; x_wconf 84' lang='lat' dir='ltr'>saltem</span> <span class='ocrx_word' id='word_1_40' title='bbox 809 1165 939 1260; x_wconf 86' lang='lat' dir='ltr'>absque</span> <span class='ocrx_word' id='word_1_41' title='bbox 966 1161 1123 1235; x_wconf 87' lang='lat' dir='ltr'>utilitate</span> <span class='ocrx_word' id='word_1_42' title='bbox 1148 1165 1314 1260; x_wconf 87' lang='lat' dir='ltr'>publica,</span> <span class='ocrx_word' id='word_1_43' title='bbox 1340 1167 1514 1240; x_wconf 85' lang='lat' dir='ltr'>admoniti</span> <span class='ocrx_word' id='word_1_44' title='bbox 1533 1173 1612 1242; x_wconf 86' lang='lat' dir='ltr'>sunt</span> <span class='ocrx_word' id='word_1_45' title='bbox 1631 1176 1763 1248; x_wconf 85' lang='lat' dir='ltr'>utrius·¹</span> 
     </span>
     <span class='ocr_line' id='line_1_7' title="bbox 456 1258 1764 1369; baseline 0.002 -27"><span class='ocrx_word' id='word_1_46' title='bbox 456 1293 528 1369; x_wconf 81' lang='lat' dir='ltr'>que</span> <span class='ocrx_word' id='word_1_47' title='bbox 547 1266 655 1365; x_wconf 88' lang='lat' dir='ltr'>partis</span> <span class='ocrx_word' id='word_1_48' title='bbox 674 1262 883 1357; x_wconf 80' lang='lat' dir='ltr'>Theologi,</span> <span class='ocrx_word' id='word_1_49' title='bbox 909 1279 949 1331; x_wconf 92' lang='lat' dir='ltr'>ut</span> <span class='ocrx_word' id='word_1_50' title='bbox 969 1258 1125 1332; x_wconf 82' lang='lat' dir='ltr'>disertitn</span> <span class='ocrx_word' id='word_1_51' title='bbox 1144 1261 1421 1357; x_wconf 85' lang='lat' dir='ltr'>profiterentur,</span> <span class='ocrx_word' id='word_1_52' title='bbox 1439 1288 1560 1338; x_wconf 89' lang='lat' dir='ltr'>utrum</span> <span class='ocrx_word' id='word_1_53' title='bbox 1576 1270 1764 1344; x_wconf 80' lang='lat' dir='ltr'>EcciiThe·</span> 
     </span>
     <span class='ocr_line' id='line_1_8' title="bbox 456 1357 1764 1456; baseline -0.003 -11"><span class='ocrx_word' id='word_1_54' title='bbox 456 1369 623 1456; x_wconf 77' lang='lat' dir='ltr'>maribus,</span> <span class='ocrx_word' id='word_1_55' title='bbox 643 1386 685 1434; x_wconf 89' lang='lat' dir='ltr'>an</span> <span class='ocrx_word' id='word_1_56' title='bbox 703 1359 981 1452; x_wconf 76' lang='lat' dir='ltr'>confutationibus</span> <span class='ocrx_word' id='word_1_57' title='bbox 1000 1357 1146 1430; x_wconf 87' lang='lat' dir='ltr'>illorum</span> <span class='ocrx_word' id='word_1_58' title='bbox 1158 1363 1464 1455; x_wconf 83' lang='lat' dir='ltr'>Oecolampadianit</span> <span class='ocrx_word' id='word_1_59' title='bbox 1481 1363 1764 1443; x_wconf 81' lang='lat' dir='ltr'>subscriberent?</span> 
     </span>
     <span class='ocr_line' id='line_1_9' title="bbox 458 1454 1765 1560; baseline 0.002 -23"><span class='ocrx_word' id='word_1_60' title='bbox 458 1464 558 1538; x_wconf 86' lang='lat' dir='ltr'>Mira</span> <span class='ocrx_word' id='word_1_61' title='bbox 584 1457 672 1533; x_wconf 77' lang='lat' dir='ltr'>verb</span> <span class='ocrx_word' id='word_1_62' title='bbox 699 1479 776 1529; x_wconf 89' lang='lat' dir='ltr'>tum</span> <span class='ocrx_word' id='word_1_63' title='bbox 803 1460 1003 1527; x_wconf 89' lang='lat' dir='ltr'>animorum</span> <span class='ocrx_word' id='word_1_64' title='bbox 1030 1454 1081 1524; x_wconf 87' lang='lat' dir='ltr'>est</span> <span class='ocrx_word' id='word_1_65' title='bbox 1099 1454 1210 1528; x_wconf 83' lang='lat' dir='ltr'>sciffio</span> <span class='ocrx_word' id='word_1_66' title='bbox 1226 1459 1459 1552; x_wconf 86' lang='lat' dir='ltr'>deprebensa,</span> <span class='ocrx_word' id='word_1_67' title='bbox 1488 1463 1612 1556; x_wconf 82' lang='lat' dir='ltr'>Major</span> <span class='ocrx_word' id='word_1_68' title='bbox 1630 1488 1708 1560; x_wconf 84' lang='lat' dir='ltr'>pars</span> <span class='ocrx_word' id='word_1_69' title='bbox 1727 1469 1765 1539; x_wconf 89' lang='lat' dir='ltr'>in</span> 
     </span>
     <span class='ocr_line' id='line_1_10' title="bbox 455 1548 1764 1652; baseline 0.002 -18"><span class='ocrx_word' id='word_1_70' title='bbox 455 1560 664 1636; x_wconf 84' lang='lat' dir='ltr'>sententiam</span> <span class='ocrx_word' id='word_1_71' title='bbox 692 1559 872 1629; x_wconf 79' lang='lat' dir='ltr'>Eccianam</span> <span class='ocrx_word' id='word_1_72' title='bbox 899 1548 1088 1625; x_wconf 85' lang='lat' dir='ltr'>concellit:</span> <span class='ocrx_word' id='word_1_73' title='bbox 1125 1553 1307 1628; x_wconf 87' lang='lat' dir='ltr'>Nonnulli</span> <span class='ocrx_word' id='word_1_74' title='bbox 1331 1558 1632 1652; x_wconf 72' lang='lat' dir='ltr'>oecolampadrana</span> <span class='ocrx_word' id='word_1_75' title='bbox 1652 1562 1764 1638; x_wconf 89' lang='lat' dir='ltr'>secuti</span> 
     </span>
     <span class='ocr_line' id='line_1_11' title="bbox 455 1647 1763 1757; baseline 0.002 -24"><span class='ocrx_word' id='word_1_76' title='bbox 455 1657 549 1733; x_wconf 90' lang='lat' dir='ltr'>sunt.</span> <span class='ocrx_word' id='word_1_77' title='bbox 593 1656 704 1728; x_wconf 86' lang='lat' dir='ltr'>Erant</span> <span class='ocrx_word' id='word_1_78' title='bbox 730 1653 791 1748; x_wconf 91' lang='lat' dir='ltr'>qui</span> <span class='ocrx_word' id='word_1_79' title='bbox 810 1650 899 1721; x_wconf 88' lang='lat' dir='ltr'>clarn</span> <span class='ocrx_word' id='word_1_80' title='bbox 920 1647 953 1720; x_wconf 86' lang='lat' dir='ltr'>se</span> <span class='ocrx_word' id='word_1_81' title='bbox 971 1647 1228 1742; x_wconf 81' lang='lat' dir='ltr'>subducerent,</span> <span class='ocrx_word' id='word_1_82' title='bbox 1255 1655 1402 1748; x_wconf 89' lang='lat' dir='ltr'>nequid</span> <span class='ocrx_word' id='word_1_83' title='bbox 1422 1655 1571 1730; x_wconf 89' lang='lat' dir='ltr'>definire</span> <span class='ocrx_word' id='word_1_84' title='bbox 1587 1681 1763 1757; x_wconf 85' lang='lat' dir='ltr'>cogeren-</span> 
     </span>
     <span class='ocr_line' id='line_1_12' title="bbox 450 1744 1763 1846; baseline 0.001 -17"><span class='ocrx_word' id='word_1_85' title='bbox 450 1775 540 1842; x_wconf 58' lang='grc' dir='ltr'>πυτ)</span> <span class='ocrx_word' id='word_1_86' title='bbox 569 1753 743 1825; x_wconf 74' lang='lat' dir='ltr'>cunradus</span> <span class='ocrx_word' id='word_1_87' title='bbox 761 1744 895 1819; x_wconf 84' lang='lat' dir='ltr'>intercal</span> <span class='ocrx_word' id='word_1_88' title='bbox 912 1747 1064 1818; x_wconf 85' lang='lat' dir='ltr'>Werlius</span> <span class='ocrx_word' id='word_1_89' title='bbox 1083 1746 1268 1821; x_wconf 85' lang='lat' dir='ltr'>Diaconos</span> <span class='ocrx_word' id='word_1_90' title='bbox 1288 1751 1554 1846; x_wconf 86' lang='lat' dir='ltr'>Scaphusanus,</span> <span class='ocrx_word' id='word_1_91' title='bbox 1582 1755 1763 1832; x_wconf 90' lang='lat' dir='ltr'>Domino·</span> 
     </span>
     <span class='ocr_line' id='line_1_13' title="bbox 456 1842 1763 1955; baseline 0.005 -30"><span class='ocrx_word' id='word_1_92' title='bbox 456 1875 537 1926; x_wconf 86' lang='lat' dir='ltr'>rum</span> <span class='ocrx_word' id='word_1_93' title='bbox 556 1848 697 1924; x_wconf 89' lang='lat' dir='ltr'>suorum</span> <span class='ocrx_word' id='word_1_94' title='bbox 714 1846 856 1941; x_wconf 76' lang='lat' dir='ltr'>judicio</span> <span class='ocrx_word' id='word_1_95' title='bbox 874 1842 906 1916; x_wconf 89' lang='lat' dir='ltr'>se</span> <span class='ocrx_word' id='word_1_96' title='bbox 926 1842 1095 1917; x_wconf 86' lang='lat' dir='ltr'>staturum</span> <span class='ocrx_word' id='word_1_97' title='bbox 1114 1845 1205 1918; x_wconf 87' lang='lat' dir='ltr'>dixit</span> <span class='ocrx_word' id='word_1_98' title='bbox 1216 1879 1229 1933; x_wconf 76' lang='lat'>3</span> <span class='ocrx_word' id='word_1_99' title='bbox 1258 1849 1327 1944; x_wconf 86' lang='lat' dir='ltr'>(Er</span> <span class='ocrx_word' id='word_1_100' title='bbox 1343 1854 1442 1923; x_wconf 85' lang='lat' dir='ltr'>wolre</span> <span class='ocrx_word' id='word_1_101' title='bbox 1458 1854 1592 1946; x_wconf 74' lang='lat' dir='ltr'>balteis,</span> <span class='ocrx_word' id='word_1_102' title='bbox 1610 1878 1684 1929; x_wconf 85' lang='lat' dir='ltr'>war</span> <span class='ocrx_word' id='word_1_103' title='bbox 1693 1859 1763 1955; x_wconf 81' lang='lat' dir='ltr'>fri·</span> 
     </span>
     <span class='ocr_line' id='line_1_14' title="bbox 456 1945 796 2030; baseline -0.018 -7"><span class='ocrx_word' id='word_1_104' title='bbox 456 1975 496 2023; x_wconf 84' lang='lat' dir='ltr'>m</span> <span class='ocrx_word' id='word_1_105' title='bbox 515 1954 630 2025; x_wconf 82' lang='lat' dir='ltr'>Herrn</span> <span class='ocrx_word' id='word_1_106' title='bbox 647 1945 796 2030; x_wconf 69' lang='lat' dir='ltr'>hiessen.)</span> 
     </span>
    </p>

    <p class='ocr_par' dir='ltr' id='par_1_3' title="bbox 454 2037 1766 2730">
     <span class='ocr_line' id='line_1_15' title="bbox 484 2037 1765 2139; baseline 0.002 -17"><span class='ocrx_word' id='word_1_107' title='bbox 484 2044 726 2122; x_wconf 65' lang='lat' dir='ltr'>&#39;Conclusutn</span> <span class='ocrx_word' id='word_1_108' title='bbox 754 2039 895 2114; x_wconf 87' lang='lat' dir='ltr'>tandem</span> <span class='ocrx_word' id='word_1_109' title='bbox 922 2037 974 2111; x_wconf 89' lang='lat' dir='ltr'>est</span> <span class='ocrx_word' id='word_1_110' title='bbox 999 2059 1214 2114; x_wconf 89' lang='lat' dir='ltr'>nontamen</span> <span class='ocrx_word' id='word_1_111' title='bbox 1242 2040 1493 2139; x_wconf 69' lang='lat' dir='ltr'>dduodecim,</span> <span class='ocrx_word' id='word_1_112' title='bbox 1519 2045 1576 2121; x_wconf 86' lang='lat' dir='ltr'>sed</span> <span class='ocrx_word' id='word_1_113' title='bbox 1596 2046 1616 2121; x_wconf 74' lang='grc' dir='ltr'>ὲ</span> <span class='ocrx_word' id='word_1_114' title='bbox 1633 2074 1765 2126; x_wconf 83' lang='lat' dir='ltr'>novem</span> 
     </span>
     <span class='ocr_line' id='line_1_16' title="bbox 455 2139 1764 2245; baseline 0.005 -29"><span class='ocrx_word' id='word_1_115' title='bbox 455 2148 577 2245; x_wconf 80' lang='lat' dir='ltr'>pagis:</span> <span class='ocrx_word' id='word_1_116' title='bbox 620 2195 647 2236; x_wconf 93' lang='lat'>„</span> <span class='ocrx_word' id='word_1_117' title='bbox 666 2139 891 2236; x_wconf 83' lang='lat' dir='ltr'>Zwinglium</span> <span class='ocrx_word' id='word_1_118' title='bbox 920 2157 1101 2209; x_wconf 79' lang='lat' dir='ltr'>renovatae</span> <span class='ocrx_word' id='word_1_119' title='bbox 1129 2139 1303 2213; x_wconf 77' lang='lat' dir='ltr'>dodlrinae</span> <span class='ocrx_word' id='word_1_120' title='bbox 1326 2144 1362 2213; x_wconf 92' lang='lat' dir='ltr'>in</span> <span class='ocrx_word' id='word_1_121' title='bbox 1384 2145 1555 2217; x_wconf 88' lang='lat' dir='ltr'>Helvetia</span> <span class='ocrx_word' id='word_1_122' title='bbox 1571 2151 1764 2244; x_wconf 81' lang='lat' dir='ltr'>coryphae·</span> 
     </span>
     <span class='ocr_line' id='line_1_17' title="bbox 455 2233 1765 2337; baseline 0.005 -23"><span class='ocrx_word' id='word_1_123' title='bbox 455 2293 485 2337; x_wconf 94' lang='lat'><strong>„</strong></span> <span class='ocrx_word' id='word_1_124' title='bbox 502 2266 586 2335; x_wconf 91' lang='lat' dir='ltr'>um,</span> <span class='ocrx_word' id='word_1_125' title='bbox 620 2238 717 2337; x_wconf 89' lang='lat' dir='ltr'>quod</span> <span class='ocrx_word' id='word_1_126' title='bbox 744 2239 784 2307; x_wconf 92' lang='lat' dir='ltr'>ad</span> <span class='ocrx_word' id='word_1_127' title='bbox 813 2233 998 2306; x_wconf 89' lang='lat' dir='ltr'>dlcendam</span> <span class='ocrx_word' id='word_1_128' title='bbox 1024 2233 1162 2307; x_wconf 86' lang='lat' dir='ltr'>causam</span> <span class='ocrx_word' id='word_1_129' title='bbox 1181 2257 1252 2307; x_wconf 86' lang='lat' dir='ltr'>non</span> <span class='ocrx_word' id='word_1_130' title='bbox 1271 2241 1543 2335; x_wconf 85' lang='lat' dir='ltr'>comparuisset,</span> <span class='ocrx_word' id='word_1_131' title='bbox 1571 2247 1607 2318; x_wconf 89' lang='lat'>&amp;</span> <span class='ocrx_word' id='word_1_132' title='bbox 1627 2268 1765 2321; x_wconf 85' lang='lat' dir='ltr'>ceteros</span> 
     </span>
     <span class='ocr_line' id='line_1_18' title="bbox 455 2331 1766 2438; baseline 0.005 -26"><span class='ocrx_word' id='word_1_133' title='bbox 455 2391 482 2435; x_wconf 92' lang='lat'>„</span> <span class='ocrx_word' id='word_1_134' title='bbox 502 2343 563 2438; x_wconf 93' lang='lat' dir='ltr'>qui</span> <span class='ocrx_word' id='word_1_135' title='bbox 589 2339 626 2408; x_wconf 90' lang='lat' dir='ltr'>in</span> <span class='ocrx_word' id='word_1_136' title='bbox 645 2334 830 2432; x_wconf 89' lang='lat' dir='ltr'>colloquio</span> <span class='ocrx_word' id='word_1_137' title='bbox 849 2356 921 2403; x_wconf 90' lang='lat' dir='ltr'>non</span> <span class='ocrx_word' id='word_1_138' title='bbox 940 2331 1182 2428; x_wconf 82' lang='lat' dir='ltr'>resipuissent,</span> <span class='ocrx_word' id='word_1_139' title='bbox 1207 2341 1592 2431; x_wconf 74' lang='lat' dir='ltr'>excommunicandos,</span> <span class='ocrx_word' id='word_1_140' title='bbox 1619 2345 1766 2436; x_wconf 84' lang='lat' dir='ltr'>perinde</span> 
     </span>
     <span class='ocr_line' id='line_1_19' title="bbox 454 2429 1764 2534; baseline 0.002 -23"><span class='ocrx_word' id='word_1_141' title='bbox 454 2459 541 2532; x_wconf 89' lang='lat' dir='ltr'>„ut</span> <span class='ocrx_word' id='word_1_142' title='bbox 570 2436 752 2506; x_wconf 81' lang='lat' dir='ltr'>Lutlreros</span> <span class='ocrx_word' id='word_1_143' title='bbox 778 2430 799 2503; x_wconf 82' lang='lat' dir='ltr'>al</span> <span class='ocrx_word' id='word_1_144' title='bbox 825 2429 959 2503; x_wconf 86' lang='lat' dir='ltr'>Carolo</span> <span class='ocrx_word' id='word_1_145' title='bbox 987 2429 1035 2500; x_wconf 91' lang='lat' dir='ltr'>V.</span> <span class='ocrx_word' id='word_1_146' title='bbox 1072 2431 1204 2524; x_wconf 82' lang='lat' dir='ltr'>lmper.</span> <span class='ocrx_word' id='word_1_147' title='bbox 1239 2434 1276 2506; x_wconf 75' lang='lat' dir='ltr'>bt</span> <span class='ocrx_word' id='word_1_148' title='bbox 1303 2433 1429 2506; x_wconf 84' lang='lat' dir='ltr'>Leone</span> <span class='ocrx_word' id='word_1_149' title='bbox 1456 2437 1549 2534; x_wconf 86' lang='lat' dir='ltr'>Papa</span> <span class='ocrx_word' id='word_1_150' title='bbox 1566 2437 1682 2512; x_wconf 83' lang='lat' dir='ltr'>fuisset</span> <span class='ocrx_word' id='word_1_151' title='bbox 1701 2465 1764 2513; x_wconf 86' lang='lat' dir='ltr'>ex·</span> 
     </span>
     <span class='ocr_line' id='line_1_20' title="bbox 455 2527 1765 2631; baseline 0.006 -24"><span class='ocrx_word' id='word_1_152' title='bbox 455 2569 483 2631; x_wconf 94' lang='lat'>·„</span> <span class='ocrx_word' id='word_1_153' title='bbox 503 2529 804 2608; x_wconf 89' lang='lat' dir='ltr'>communicatus.</span> <span class='ocrx_word' id='word_1_154' title='bbox 840 2527 1071 2624; x_wconf 87' lang='lat' dir='ltr'>Religionem</span> <span class='ocrx_word' id='word_1_155' title='bbox 1090 2547 1208 2601; x_wconf 89' lang='lat' dir='ltr'>autem</span> <span class='ocrx_word' id='word_1_156' title='bbox 1226 2529 1456 2605; x_wconf 88' lang='lat' dir='ltr'>Pontificiam</span> <span class='ocrx_word' id='word_1_157' title='bbox 1475 2534 1596 2613; x_wconf 81' lang='lat' dir='ltr'>insuit</span> <span class='ocrx_word' id='word_1_158' title='bbox 1615 2537 1765 2615; x_wconf 86' lang='lat' dir='ltr'>ditioni·</span> 
     </span>
     <span class='ocr_line' id='line_1_21' title="bbox 457 2624 1112 2730; baseline -0.014 -25"><span class='ocrx_word' id='word_1_159' title='bbox 457 2683 485 2726; x_wconf 93' lang='lat'>„</span> <span class='ocrx_word' id='word_1_160' title='bbox 504 2632 570 2705; x_wconf 90' lang='lat' dir='ltr'>bus</span> <span class='ocrx_word' id='word_1_161' title='bbox 591 2626 743 2701; x_wconf 86' lang='lat' dir='ltr'>firmiter</span> <span class='ocrx_word' id='word_1_162' title='bbox 760 2627 992 2701; x_wconf 88' lang='lat' dir='ltr'>retinendam.</span> <span class='ocrx_word' id='word_1_163' title='bbox 1010 2676 1038 2730; x_wconf 84' lang='lat'><strong>„</strong></span> <span class='ocrx_word' id='word_1_164' title='bbox 1057 2624 1112 2720; x_wconf 85' lang='lat' dir='ltr'>(b)</span> 
     </span>
    </p>
   </div>
   <div class='ocr_carea' id='block_1_3' title="bbox 1705 2738 1767 2813">
    <p class='ocr_par' dir='ltr' id='par_1_4' title="bbox 1705 2738 1767 2813">
     <span class='ocr_line' id='line_1_22' title="bbox 1705 2738 1767 2813; baseline 0.065 -4"><span class='ocrx_word' id='word_1_165' title='bbox 1705 2738 1767 2813; x_wconf 87' lang='lat' dir='ltr'>De</span> 
     </span>
    </p>
   </div>
   <div class='ocr_carea' id='block_1_4' title="bbox 446 2857 1768 4299">
    <p class='ocr_par' dir='ltr' id='par_1_5' title="bbox 446 2857 1767 3463">
     <span class='ocr_line' id='line_1_23' title="bbox 497 2857 1766 2959; baseline 0.005 -24"><span class='ocrx_word' id='word_1_166' title='bbox 497 2878 547 2959; x_wconf 81' lang='lat' dir='ltr'>(a)</span> <span class='ocrx_word' id='word_1_167' title='bbox 571 2869 688 2939; x_wconf 83' lang='lat' dir='ltr'>Notati</span> <span class='ocrx_word' id='word_1_168' title='bbox 712 2857 794 2936; x_wconf 86' lang='lat' dir='ltr'>enirn</span> <span class='ocrx_word' id='word_1_169' title='bbox 819 2883 975 2951; x_wconf 86' lang='lat' dir='ltr'>meretur,</span> <span class='ocrx_word' id='word_1_170' title='bbox 1007 2867 1241 2953; x_wconf 83' lang='lat' dir='ltr'>uniuscujusvis</span> <span class='ocrx_word' id='word_1_171' title='bbox 1268 2872 1324 2939; x_wconf 90' lang='lat' dir='ltr'>diei</span> <span class='ocrx_word' id='word_1_172' title='bbox 1341 2874 1409 2941; x_wconf 64' lang='lat' dir='ltr'>ada</span> <span class='ocrx_word' id='word_1_173' title='bbox 1424 2875 1462 2941; x_wconf 87' lang='lat' dir='ltr'>ab</span> <span class='ocrx_word' id='word_1_174' title='bbox 1478 2876 1597 2942; x_wconf 57' lang='lat' dir='ltr'>isteron</span> <span class='ocrx_word' id='word_1_175' title='bbox 1615 2901 1663 2940; x_wconf 83' lang='lat' dir='ltr'>mr</span> <span class='ocrx_word' id='word_1_176' title='bbox 1678 2878 1766 2946; x_wconf 80' lang='lat' dir='ltr'>Wei-</span> 
     </span>
     <span class='ocr_line' id='line_1_24' title="bbox 446 2900 1765 3046; baseline 0.007 -25"><span class='ocrx_word' id='word_1_177' title='bbox 446 2960 513 3043; x_wconf 79' lang='lat' dir='ltr'>scio</span> <span class='ocrx_word' id='word_1_178' title='bbox 537 2959 698 3044; x_wconf 88' lang='lat' dir='ltr'>quodam,</span> <span class='ocrx_word' id='word_1_179' title='bbox 724 2957 754 3020; x_wconf 76' lang='lat' dir='ltr'>u</span> <span class='ocrx_word' id='word_1_180' title='bbox 779 2955 961 3036; x_wconf 83' lang='lat' dir='ltr'>cumprimis</span> <span class='ocrx_word' id='word_1_181' title='bbox 980 2950 1069 3019; x_wconf 86' lang='lat' dir='ltr'>Ecltil</span> <span class='ocrx_word' id='word_1_182' title='bbox 1087 2974 1289 3041; x_wconf 79' lang='lat' dir='ltr'>argumenta,</span> <span class='ocrx_word' id='word_1_183' title='bbox 1315 2962 1401 3025; x_wconf 87' lang='lat' dir='ltr'>clam</span> <span class='ocrx_word' id='word_1_184' title='bbox 1426 2962 1553 3046; x_wconf 88' lang='lat' dir='ltr'>reliquis</span> <span class='ocrx_word' id='word_1_185' title='bbox 1577 2900 1667 3028; x_wconf 56' lang='lat' dir='ltr'>siue</span> <span class='ocrx_word' id='word_1_186' title='bbox 1687 2985 1765 3030; x_wconf 86' lang='lat' dir='ltr'>con·</span> 
     </span>
     <span class='ocr_line' id='line_1_25' title="bbox 455 3032 1767 3133; baseline 0.004 -23"><span class='ocrx_word' id='word_1_187' title='bbox 455 3045 597 3126; x_wconf 57' lang='lat' dir='ltr'>firnata,</span> <span class='ocrx_word' id='word_1_188' title='bbox 629 3062 700 3126; x_wconf 80' lang='lat' dir='ltr'>qusr</span> <span class='ocrx_word' id='word_1_189' title='bbox 726 3040 869 3122; x_wconf 87' lang='lat' dir='ltr'>deinceps</span> <span class='ocrx_word' id='word_1_190' title='bbox 896 3059 948 3124; x_wconf 86' lang='lat' dir='ltr'>per</span> <span class='ocrx_word' id='word_1_191' title='bbox 974 3032 1031 3101; x_wconf 77' lang='lat' dir='ltr'>Th.</span> <span class='ocrx_word' id='word_1_192' title='bbox 1054 3038 1244 3125; x_wconf 82' lang='lat' dir='ltr'>Platerum,</span> <span class='ocrx_word' id='word_1_193' title='bbox 1277 3042 1426 3125; x_wconf 84' lang='lat' dir='ltr'>Myconii</span> <span class='ocrx_word' id='word_1_194' title='bbox 1449 3047 1628 3130; x_wconf 86' lang='lat' dir='ltr'>famulum,</span> <span class='ocrx_word' id='word_1_195' title='bbox 1659 3048 1688 3112; x_wconf 87' lang='lat' dir='ltr'>dt</span> <span class='ocrx_word' id='word_1_196' title='bbox 1714 3071 1767 3133; x_wconf 85' lang='lat' dir='ltr'>per</span> 
     </span>
     <span class='ocr_line' id='line_1_26' title="bbox 454 3121 1766 3211; baseline 0.002 -19"><span class='ocrx_word' id='word_1_197' title='bbox 454 3130 552 3196; x_wconf 84' lang='lat' dir='ltr'>alium</span> <span class='ocrx_word' id='word_1_198' title='bbox 577 3128 736 3211; x_wconf 84' lang='lat' dir='ltr'>quendam</span> <span class='ocrx_word' id='word_1_199' title='bbox 760 3124 979 3209; x_wconf 76' lang='lat' dir='ltr'>Hieronymum</span> <span class='ocrx_word' id='word_1_200' title='bbox 999 3121 1212 3190; x_wconf 83' lang='lat' dir='ltr'>Zimmerman</span> <span class='ocrx_word' id='word_1_201' title='bbox 1229 3126 1269 3191; x_wconf 82' lang='lat' dir='ltr'>ita</span> <span class='ocrx_word' id='word_1_202' title='bbox 1285 3131 1437 3210; x_wconf 75' lang='lat' dir='ltr'>pervices</span> <span class='ocrx_word' id='word_1_203' title='bbox 1455 3132 1578 3197; x_wconf 89' lang='lat' dir='ltr'>diurnas</span> <span class='ocrx_word' id='word_1_204' title='bbox 1594 3134 1632 3196; x_wconf 86' lang='lat' dir='ltr'>ad</span> <span class='ocrx_word' id='word_1_205' title='bbox 1646 3125 1766 3196; x_wconf 84' lang='lat' dir='ltr'>Zwin·</span> 
     </span>
     <span class='ocr_line' id='line_1_27' title="bbox 454 3207 1766 3377; baseline -0.001 -16"><span class='ocrx_word' id='word_1_206' title='bbox 454 3215 566 3362; x_wconf 59' lang='lat' dir='ltr'>{llll}</span> <span class='ocrx_word' id='word_1_207' title='bbox 580 3210 888 3359; x_wconf 64' lang='lat' dir='ltr'>{lllllllllllt</span> <span class='ocrx_word' id='word_1_208' title='bbox 905 3207 1127 3355; x_wconf 65' lang='lat' dir='ltr'>l‘llll‘l</span> <span class='ocrx_word' id='word_1_209' title='bbox 1140 3208 1233 3360; x_wconf 55' lang='lat' dir='ltr'>salli</span> <span class='ocrx_word' id='word_1_210' title='bbox 1248 3211 1766 3377; x_wconf 56' lang='lat' dir='ltr'>sllffi&#39;lssltss‘fflll‘lslll}</span> 
     </span>
     <span class='ocr_line' id='line_1_28' title="bbox 456 3318 1754 3463; baseline 0.001 -22"><span class='ocrx_word' id='word_1_211' title='bbox 456 3379 500 3441; x_wconf 88' lang='lat' dir='ltr'>dit</span> <span class='ocrx_word' id='word_1_212' title='bbox 514 3380 547 3442; x_wconf 84' lang='lat' dir='ltr'>in</span> <span class='ocrx_word' id='word_1_213' title='bbox 564 3318 707 3443; x_wconf 61' lang='lat' dir='ltr'>Misceri.</span> <span class='ocrx_word' id='word_1_214' title='bbox 731 3375 836 3439; x_wconf 83' lang='lat' dir='ltr'>Toni.</span> <span class='ocrx_word' id='word_1_215' title='bbox 857 3374 898 3437; x_wconf 91' lang='lat' dir='ltr'>ll.</span> <span class='ocrx_word' id='word_1_216' title='bbox 923 3371 1045 3437; x_wconf 75' lang='lat' dir='ltr'>doslils.</span> <span class='ocrx_word' id='word_1_217' title='bbox 1065 3376 1093 3452; x_wconf 93' lang='lat' dir='ltr'>J.</span> <span class='ocrx_word' id='word_1_218' title='bbox 1114 3375 1143 3453; x_wconf 90' lang='lat' dir='ltr'>J.</span> <span class='ocrx_word' id='word_1_219' title='bbox 1164 3348 1460 3445; x_wconf 76' lang='lat' dir='ltr'>HULDtttdus</span> <span class='ocrx_word' id='word_1_220' title='bbox 1477 3383 1592 3463; x_wconf 62' lang='lat' dir='ltr'>pado,</span> <span class='ocrx_word' id='word_1_221' title='bbox 1612 3383 1683 3442; x_wconf 78' lang='lat'>261.</span> <span class='ocrx_word' id='word_1_222' title='bbox 1751 3453 1754 3460; x_wconf 18' lang='grc' dir='ltr'><strong>Δ</strong></span> 
     </span>
    </p>

    <p class='ocr_par' dir='ltr' id='par_1_6' title="bbox 447 3456 1768 4299">
     <span class='ocr_line' id='line_1_29' title="bbox 497 3456 1765 3543; baseline -0.001 -20"><span class='ocrx_word' id='word_1_223' title='bbox 497 3462 550 3539; x_wconf 88' lang='lat' dir='ltr'>(b)</span> <span class='ocrx_word' id='word_1_224' title='bbox 574 3459 637 3522; x_wconf 86' lang='lat' dir='ltr'>vid.</span> <span class='ocrx_word' id='word_1_225' title='bbox 663 3456 911 3523; x_wconf 84' lang='lat' dir='ltr'>HOTTlNG.</span> <span class='ocrx_word' id='word_1_226' title='bbox 938 3456 1036 3521; x_wconf 85' lang='lat' dir='ltr'>Helv.</span> <span class='ocrx_word' id='word_1_227' title='bbox 1060 3457 1104 3521; x_wconf 60' lang='lat' dir='ltr'>Kc</span> <span class='ocrx_word' id='word_1_228' title='bbox 1124 3457 1168 3521; x_wconf 89' lang='lat' dir='ltr'>G.</span> <span class='ocrx_word' id='word_1_229' title='bbox 1192 3480 1222 3541; x_wconf 80' lang='lat' dir='ltr'>p.</span> <span class='ocrx_word' id='word_1_230' title='bbox 1242 3476 1312 3541; x_wconf 80' lang='lat'>322.</span> <span class='ocrx_word' id='word_1_231' title='bbox 1344 3463 1398 3543; x_wconf 91' lang='lat' dir='ltr'>qui</span> <span class='ocrx_word' id='word_1_232' title='bbox 1421 3484 1459 3528; x_wconf 79' lang='lat' dir='ltr'>ex</span> <span class='ocrx_word' id='word_1_233' title='bbox 1484 3462 1574 3527; x_wconf 75' lang='lat' dir='ltr'>Auis</span> <span class='ocrx_word' id='word_1_234' title='bbox 1599 3463 1677 3525; x_wconf 85' lang='lat' dir='ltr'>banc</span> <span class='ocrx_word' id='word_1_235' title='bbox 1695 3482 1765 3542; x_wconf 60' lang='lat' dir='ltr'>rer·</span> 
     </span>
     <span class='ocr_line' id='line_1_30' title="bbox 453 3538 1766 3629; baseline 0.002 -21"><span class='ocrx_word' id='word_1_236' title='bbox 453 3544 589 3608; x_wconf 81' lang='lat' dir='ltr'>botenus</span> <span class='ocrx_word' id='word_1_237' title='bbox 608 3541 791 3605; x_wconf 85' lang='lat' dir='ltr'>sententiam</span> <span class='ocrx_word' id='word_1_238' title='bbox 809 3542 897 3606; x_wconf 84' lang='lat' dir='ltr'>uobis</span> <span class='ocrx_word' id='word_1_239' title='bbox 914 3539 1024 3604; x_wconf 83' lang='lat' dir='ltr'>refert:</span> <span class='ocrx_word' id='word_1_240' title='bbox 1047 3538 1199 3603; x_wconf 71' lang='lat' dir='ltr'>diewedn</span> <span class='ocrx_word' id='word_1_241' title='bbox 1214 3540 1356 3629; x_wconf 81' lang='lat' dir='ltr'>Zwr&#39;ngli</span> <span class='ocrx_word' id='word_1_242' title='bbox 1372 3538 1547 3606; x_wconf 63' lang='lat' dir='ltr'>der-richre</span> <span class='ocrx_word' id='word_1_243' title='bbox 1562 3541 1766 3610; x_wconf 76' lang='lat' dir='ltr'>banbtseicber</span> 
     </span>
     <span class='ocr_line' id='line_1_31' title="bbox 456 3621 1763 3717; baseline 0.005 -29"><span class='ocrx_word' id='word_1_244' title='bbox 456 3626 511 3688; x_wconf 74' lang='lat' dir='ltr'>der</span> <span class='ocrx_word' id='word_1_245' title='bbox 534 3622 765 3701; x_wconf 72' lang='lat' dir='ltr'>verfahriscben</span> <span class='ocrx_word' id='word_1_246' title='bbox 788 3623 872 3687; x_wconf 80' lang='lat' dir='ltr'>lehre</span> <span class='ocrx_word' id='word_1_247' title='bbox 894 3627 929 3685; x_wconf 76' lang='lat' dir='ltr'>in</span> <span class='ocrx_word' id='word_1_248' title='bbox 951 3623 1007 3684; x_wconf 82' lang='lat' dir='ltr'>der</span> <span class='ocrx_word' id='word_1_249' title='bbox 1030 3621 1302 3709; x_wconf 75' lang='lat' dir='ltr'>Eidgenossrhafr‚</span> <span class='ocrx_word' id='word_1_250' title='bbox 1331 3627 1395 3704; x_wconf 78' lang='lat' dir='ltr'>anf</span> <span class='ocrx_word' id='word_1_251' title='bbox 1404 3625 1763 3717; x_wconf 64' lang='lat' dir='ltr'>crielfalrigmrbieten,</span> 
     </span>
     <span class='ocr_line' id='line_1_32' title="bbox 447 3704 1764 3802; baseline 0.011 -34"><span class='ocrx_word' id='word_1_252' title='bbox 447 3707 517 3790; x_wconf 75' lang='lat' dir='ltr'>fich</span> <span class='ocrx_word' id='word_1_253' title='bbox 541 3704 626 3769; x_wconf 78' lang='lat' dir='ltr'>nicht</span> <span class='ocrx_word' id='word_1_254' title='bbox 649 3706 801 3787; x_wconf 78' lang='lat' dir='ltr'>einfirrden</span> <span class='ocrx_word' id='word_1_255' title='bbox 822 3706 951 3787; x_wconf 79' lang='lat' dir='ltr'>wollen,</span> <span class='ocrx_word' id='word_1_256' title='bbox 968 3706 1069 3784; x_wconf 74' lang='lat' dir='ltr'>[einer</span> <span class='ocrx_word' id='word_1_257' title='bbox 1080 3707 1228 3793; x_wconf 81' lang='lat' dir='ltr'>glaubens</span> <span class='ocrx_word' id='word_1_258' title='bbox 1243 3709 1401 3793; x_wconf 79' lang='lat' dir='ltr'>recbnung</span> <span class='ocrx_word' id='word_1_259' title='bbox 1417 3730 1462 3775; x_wconf 79' lang='lat' dir='ltr'>zu</span> <span class='ocrx_word' id='word_1_260' title='bbox 1474 3711 1593 3792; x_wconf 76' lang='lat' dir='ltr'>geben:</span> <span class='ocrx_word' id='word_1_261' title='bbox 1614 3713 1764 3802; x_wconf 79' lang='lat' dir='ltr'>diejenige</span> 
     </span>
     <span class='ocr_line' id='line_1_33' title="bbox 450 3788 1765 3884; baseline 0.003 -28"><span class='ocrx_word' id='word_1_262' title='bbox 450 3792 655 3884; x_wconf 76' lang='lat' dir='ltr'>predicantur</span> <span class='ocrx_word' id='word_1_263' title='bbox 679 3790 750 3849; x_wconf 84' lang='lat' dir='ltr'>aber</span> <span class='ocrx_word' id='word_1_264' title='bbox 767 3790 801 3867; x_wconf 83' lang='lat' dir='ltr'>so</span> <span class='ocrx_word' id='word_1_265' title='bbox 822 3811 853 3853; x_wconf 81' lang='lat' dir='ltr'>er</span> <span class='ocrx_word' id='word_1_266' title='bbox 870 3794 927 3853; x_wconf 80' lang='lat' dir='ltr'>mit</span> <span class='ocrx_word' id='word_1_267' title='bbox 945 3788 1103 3877; x_wconf 83' lang='lat' dir='ltr'>Zwinglir</span> <span class='ocrx_word' id='word_1_268' title='bbox 1119 3789 1223 3855; x_wconf 75' lang='lat' dir='ltr'>hasten</span> <span class='ocrx_word' id='word_1_269' title='bbox 1240 3794 1307 3857; x_wconf 76' lang='lat' dir='ltr'>und</span> <span class='ocrx_word' id='word_1_270' title='bbox 1338 3816 1376 3856; x_wconf 83' lang='lat' dir='ltr'>en</span> <span class='ocrx_word' id='word_1_271' title='bbox 1391 3792 1502 3856; x_wconf 81' lang='lat' dir='ltr'>Baden</span> <span class='ocrx_word' id='word_1_272' title='bbox 1518 3815 1563 3863; x_wconf 73' lang='lat' dir='ltr'>zu</span> <span class='ocrx_word' id='word_1_273' title='bbox 1578 3796 1765 3881; x_wconf 81' lang='lat' dir='ltr'>disputieren</span> 
     </span>
     <span class='ocr_line' id='line_1_34' title="bbox 455 3869 1765 3958; baseline 0.004 -16"><span class='ocrx_word' id='word_1_274' title='bbox 455 3877 592 3943; x_wconf 71' lang='lat' dir='ltr'>lammeri</span> <span class='ocrx_word' id='word_1_275' title='bbox 606 3870 675 3951; x_wconf 77' lang='lat' dir='ltr'>fich</span> <span class='ocrx_word' id='word_1_276' title='bbox 698 3869 783 3932; x_wconf 76' lang='lat' dir='ltr'>nicht</span> <span class='ocrx_word' id='word_1_277' title='bbox 805 3874 917 3952; x_wconf 68' lang='lat' dir='ltr'>weiserr</span> <span class='ocrx_word' id='word_1_278' title='bbox 936 3874 1028 3957; x_wconf 81' lang='lat' dir='ltr'>laffen</span> <span class='ocrx_word' id='word_1_279' title='bbox 1043 3874 1174 3958; x_wconf 76' lang='lat' dir='ltr'>crossen,</span> <span class='ocrx_word' id='word_1_280' title='bbox 1188 3875 1284 3954; x_wconf 75' lang='lat' dir='ltr'>fhllen</span> <span class='ocrx_word' id='word_1_281' title='bbox 1311 3900 1339 3939; x_wconf 87' lang='lat' dir='ltr'>re</span> <span class='ocrx_word' id='word_1_282' title='bbox 1355 3876 1415 3939; x_wconf 82' lang='lat' dir='ltr'>alle</span> <span class='ocrx_word' id='word_1_283' title='bbox 1430 3877 1505 3941; x_wconf 77' lang='lat' dir='ltr'>ohne</span> <span class='ocrx_word' id='word_1_284' title='bbox 1519 3882 1648 3945; x_wconf 82' lang='lat' dir='ltr'>weitere</span> <span class='ocrx_word' id='word_1_285' title='bbox 1664 3884 1765 3947; x_wconf 80' lang='lat' dir='ltr'>erkla&#39;·</span> 
     </span>
     <span class='ocr_line' id='line_1_35' title="bbox 455 3955 1767 4051; baseline 0.001 -24"><span class='ocrx_word' id='word_1_286' title='bbox 455 3984 537 4047; x_wconf 77' lang='lat' dir='ltr'>rung</span> <span class='ocrx_word' id='word_1_287' title='bbox 560 3962 593 4020; x_wconf 80' lang='lat' dir='ltr'>in</span> <span class='ocrx_word' id='word_1_288' title='bbox 609 3956 771 4039; x_wconf 81' lang='lat' dir='ltr'>schweren</span> <span class='ocrx_word' id='word_1_289' title='bbox 793 3955 874 4017; x_wconf 82' lang='lat' dir='ltr'>barm</span> <span class='ocrx_word' id='word_1_290' title='bbox 890 3957 1010 4037; x_wconf 80' lang='lat' dir='ltr'>fallen,</span> <span class='ocrx_word' id='word_1_291' title='bbox 1041 3981 1101 4022; x_wconf 82' lang='lat' dir='ltr'>von</span> <span class='ocrx_word' id='word_1_292' title='bbox 1119 3962 1279 4044; x_wconf 71' lang='lat' dir='ltr'>geminet</span> <span class='ocrx_word' id='word_1_293' title='bbox 1303 3959 1406 4024; x_wconf 85' lang='lat' dir='ltr'>Kircb</span> <span class='ocrx_word' id='word_1_294' title='bbox 1426 3962 1674 4051; x_wconf 74' lang='lat' dir='ltr'>ausgescbloffin,</span> <span class='ocrx_word' id='word_1_295' title='bbox 1701 3970 1767 4031; x_wconf 82' lang='lat' dir='ltr'>und</span> 
     </span>
     <span class='ocr_line' id='line_1_36' title="bbox 456 4039 1744 4124; baseline 0.004 -15"><span class='ocrx_word' id='word_1_296' title='bbox 456 4048 493 4109; x_wconf 76' lang='lat' dir='ltr'>ab</span> <span class='ocrx_word' id='word_1_297' title='bbox 513 4045 648 4124; x_wconf 76' lang='lat' dir='ltr'>efhndert</span> <span class='ocrx_word' id='word_1_298' title='bbox 666 4041 699 4118; x_wconf 74' lang='lat' dir='ltr'>se</span> <span class='ocrx_word' id='word_1_299' title='bbox 719 4061 758 4119; x_wconf 83' lang='lat' dir='ltr'>n,</span> <span class='ocrx_word' id='word_1_300' title='bbox 788 4039 855 4101; x_wconf 77' lang='lat' dir='ltr'>und</span> <span class='ocrx_word' id='word_1_301' title='bbox 873 4040 918 4103; x_wconf 78' lang='lat' dir='ltr'>ass</span> <span class='ocrx_word' id='word_1_302' title='bbox 941 4062 1001 4103; x_wconf 84' lang='lat' dir='ltr'>von</span> <span class='ocrx_word' id='word_1_303' title='bbox 1044 4044 1178 4103; x_wconf 76' lang='lat' dir='ltr'>emerim</span> <span class='ocrx_word' id='word_1_304' title='bbox 1200 4042 1403 4116; x_wconf 68' lang='lat' dir='ltr'>christlicher</span> <span class='ocrx_word' id='word_1_305' title='bbox 1426 4046 1529 4111; x_wconf 81' lang='lat' dir='ltr'>Kirch</span> <span class='ocrx_word' id='word_1_306' title='bbox 1552 4052 1744 4114; x_wconf 78' lang='lat' dir='ltr'>verdammte</span> 
     </span>
     <span class='ocr_line' id='line_1_37' title="bbox 452 4061 1766 4223; baseline 0.008 -34"><span class='ocrx_word' id='word_1_307' title='bbox 452 4069 597 4213; x_wconf 62' lang='lat' dir='ltr'>gebalten</span> <span class='ocrx_word' id='word_1_308' title='bbox 612 4061 748 4223; x_wconf 38' lang='lat' dir='ltr'>auersis.</span> <span class='ocrx_word' id='word_1_309' title='bbox 773 4122 935 4208; x_wconf 81' lang='lat' dir='ltr'>Hergegen</span> <span class='ocrx_word' id='word_1_310' title='bbox 949 4063 1063 4187; x_wconf 58' lang='lat' dir='ltr'>weiss»</span> <span class='ocrx_word' id='word_1_311' title='bbox 1078 4123 1130 4186; x_wconf 77' lang='lat' dir='ltr'>ihr</span> <span class='ocrx_word' id='word_1_312' title='bbox 1147 4126 1219 4206; x_wconf 86' lang='lat' dir='ltr'>(det</span> <span class='ocrx_word' id='word_1_313' title='bbox 1235 4124 1390 4195; x_wconf 76' lang='lat' dir='ltr'>Romisch</span> <span class='ocrx_word' id='word_1_314' title='bbox 1404 4129 1624 4199; x_wconf 75' lang='lat' dir='ltr'>Cathollstheu</span> <span class='ocrx_word' id='word_1_315' title='bbox 1640 4101 1766 4217; x_wconf 68' lang='lat' dir='ltr'>&amp;rteml</span> 
     </span>
     <span class='ocr_line' id='line_1_38' title="bbox 459 4202 1768 4299; baseline 0.001 -22"><span class='ocrx_word' id='word_1_316' title='bbox 459 4210 560 4278; x_wconf 72' lang='lat' dir='ltr'>Glari</span> <span class='ocrx_word' id='word_1_317' title='bbox 585 4234 644 4279; x_wconf 81' lang='lat' dir='ltr'>von</span> <span class='ocrx_word' id='word_1_318' title='bbox 669 4205 735 4276; x_wconf 75' lang='lat' dir='ltr'>vies</span> <span class='ocrx_word' id='word_1_319' title='bbox 755 4202 893 4271; x_wconf 69' lang='lat' dir='ltr'>baurim</span> <span class='ocrx_word' id='word_1_320' title='bbox 912 4204 1038 4290; x_wconf 72' lang='lat' dir='ltr'>Jahren</span> <span class='ocrx_word' id='word_1_321' title='bbox 1059 4206 1116 4275; x_wconf 77' lang='lat' dir='ltr'>her</span> <span class='ocrx_word' id='word_1_322' title='bbox 1132 4208 1314 4299; x_wconf 72' lang='lat' dir='ltr'>gewebrrr,</span> <span class='ocrx_word' id='word_1_323' title='bbox 1334 4213 1482 4282; x_wconf 76' lang='lat' dir='ltr'>undrim</span> <span class='ocrx_word' id='word_1_324' title='bbox 1497 4217 1659 4289; x_wconf 81' lang='lat' dir='ltr'>Vorelrern</span> <span class='ocrx_word' id='word_1_325' title='bbox 1674 4218 1768 4280; x_wconf 70' lang='lat' dir='ltr'>dari»</span> 
     </span>
    </p>
   </div>
   <div class='ocr_carea' id='block_1_5' title="bbox 1673 4300 1771 4393">
    <p class='ocr_par' dir='ltr' id='par_1_7' title="bbox 1673 4300 1771 4393">
     <span class='ocr_line' id='line_1_39' title="bbox 1673 4300 1771 4393; baseline -0.02 -28"><span class='ocrx_word' id='word_1_326' title='bbox 1673 4300 1771 4393; x_wconf 67' lang='lat' dir='ltr'>car·</span> 
     </span>
    </p>
   </div>
   <div class='ocr_carea' id='block_1_6' title="bbox 0 0 2229 5150">
    <p class='ocr_par' dir='ltr' id='par_1_8' title="bbox 0 0 2229 5150">
     <span class='ocr_line' id='line_1_40' title="bbox 0 0 2229 5150; baseline 0 0"><span class='ocrx_word' id='word_1_327' title='bbox 0 0 2229 5150; x_wconf 95' lang='lat' dir='ltr'> </span> 
     </span>
    </p>
   </div>
  </div>
 </body>
</html>
