4442 5150
450 641 569 744 294‘
642 635 1025 722 HISTORIA
1067 629 1513 710 EVANGELII
1587 636 1759 740 ΛΑΜ.

451 777 711 878 prospiciatur,
746 778 812 846 hac
834 771 972 868 duplici
1000 789 1120 841 tamen
1138 767 1349 839 conditione
1366 765 1523 865 adjosh,
1548 821 1577 862 „
1594 765 1690 866 trin,
1714 792 1760 849 ut

452 928 479 970 „
499 878 650 948 liberum
687 872 750 945 sibi
784 868 868 942 esset
891 870 1022 940 docere
1045 866 1219 959 quicquid
1246 868 1430 937 canonicae
1457 868 1660 961 Scripturae
1683 893 1759 945 tra·

451 1025 480 1065 „
497 974 642 1060 derent,
669 973 705 1043 &
725 968 932 1062 repudiare,
957 962 1130 1059 quidquid
1151 963 1223 1040 illae
1240 963 1472 1048 damnarent;
1507 983 1600 1055 runs,
1626 987 1761 1044 utnon

451 1121 480 1162 „
497 1091 690 1165 cogeretur
708 1063 898 1161 Papisticas
915 1061 1148 1150 cerimonias,
1173 1083 1258 1154 quas
1275 1059 1418 1131 inutiles
1434 1059 1504 1132 esse
1515 1065 1762 1156 deprehende.

453 1217 481 1258 „
500 1188 574 1256 ret,
599 1167 773 1248 retinere,
800 1160 857 1233 sed
882 1161 1029 1231 unicum
1047 1155 1167 1228 saltem
1184 1158 1374 1227 diaconum
1394 1158 1578 1254 collegam
1591 1161 1761 1258 haberet,

452 1314 481 1356 „
499 1265 561 1358 qui
598 1260 660 1333 srbi
696 1261 733 1330 in
768 1260 1077 1331 sacramentorum
1107 1253 1412 1324 administratione
1437 1256 1584 1348 adjutor
1604 1258 1706 1333 esset.
1730 1315 1760 1356 ,‚

454 1357 716 1432 Consenserunt
734 1354 860 1451 templi
879 1354 1095 1442 Curatores,
1120 1350 1286 1422 ordinato
1303 1352 1478 1424 mediocri
1497 1351 1696 1451 stipendio,
1720 1362 1762 1435 δι

454 1456 552 1553 quod
581 1457 632 1527 ilii
661 1450 877 1542 statuissent,
913 1451 1061 1523 Senatus
1087 1445 1150 1518 suo
1176 1448 1316 1518 calculo
1343 1472 1450 1520 omne
1475 1455 1667 1546 probavit,
1693 1457 1762 1531 hae

453 1573 572 1627 tamen
592 1553 691 1650 lege,
711 1573 755 1622 ne
771 1547 805 1621 se
822 1548 954 1638 inscio,
974 1547 1166 1643 quicquam
1185 1545 1282 1641 quod
1301 1548 1444 1640 majoris
1459 1552 1635 1622 momenti
1651 1552 1761 1647 effer,

452 1671 655 1722 novaretur,
699 1649 759 1721 Sic
786 1646 900 1742 igitur
928 1645 977 1735 (a)
1004 1645 1196 1714 vocatione
1218 1642 1493 1738 Oecoiampadii
1512 1646 1659 1741 publica
1675 1675 1762 1724 auc·

453 1749 601 1820 toritatc
626 1743 844 1843 approbata,
878 1742 1079 1814 ordinatum
1105 1738 1179 1831 est,
1212 1760 1255 1810 ut
1281 1740 1468 1813 Diaconus
1485 1749 1675 1818 rmnacuia
1690 1748 1761 1821 iiu-

451 1868 524 1938 pua
543 1842 691 1915 infantes
708 1841 927 1933 baptizaret,
947 1839 1054 1910 Sacra
1072 1838 1191 1909 Coena
1209 1834 1272 1908 sub
1290 1856 1441 1932 utraque
1458 1836 1596 1935 specie,
1614 1845 1762 1918 conscio

454 1942 584 2012 Senatu
611 1937 939 2024 administraretur,
975 1932 1162 2029 precibus,
1189 1931 1423 2025 lectionibus,
1447 1938 1763 2018 exhortationibus

451 2037 652 2107 vernaculis
678 2030 865 2129 adjunsiis.
903 2031 1072 2103 Docebat
1095 2031 1124 2101 is
1142 2032 1235 2103 inter
1252 2031 1319 2102 alia
1334 2028 1442 2102 verb:
1477 2086 1504 2127 ‚,
1525 2036 1667 2108 Missam
1685 2063 1762 2115 uon

453 2183 481 2225 „
499 2132 566 2203 esic
583 2130 795 2204 sacrificium
815 2153 882 2226 pro
900 2128 991 2199 vivis
1010 2151 1051 2198 ac
1070 2129 1246 2219 mortuis,
1272 2148 1333 2199 aut
1351 2153 1418 2226 pro
1437 2132 1478 2202 iis
1495 2134 1556 2228 qui
1573 2135 1610 2205 in
1627 2132 1761 2211 sistitio

452 2280 480 2321 „
500 2230 710 2326 purgatorio
729 2246 1001 2323 torquerentur,
1021 2222 1076 2294 sed
1096 2222 1246 2320 passione
1265 2227 1303 2298 ὅ(
1322 2247 1440 2299 morte
1458 2229 1640 2304 servatori
1649 2231 1763 2309 Chri-

452 2377 478 2418 „
501 2325 539 2397 sti
560 2326 662 2399 semel
681 2324 845 2396 omnibus
864 2321 1089 2395 credentibus
1107 2319 1300 2417 persesiam
1318 2324 1484 2398 omnibus
1497 2328 1763 2424 peccarissatis·

453 2475 480 2516 „
501 2422 689 2496 factionem
710 2442 843 2519 partam
863 2418 950 2493 esse:
971 2471 998 2511 „
1025 2418 1239 2491 Abducebat
1256 2422 1458 2516 populum,
1484 2425 1528 2496 ab
1549 2450 1639 2523 aqua
1654 2450 1761 2526 quam

453 2521 630 2594 vocabant
653 2517 858 2611 benedicis,
884 2516 1189 2591 &consecratione
1207 2519 1426 2613 palmarum,
1452 2545 1659 2620 cereorum,
1683 2528 1762 2625 pla·

452 2640 662 2711 centorum,
690 2620 725 2692 ὅ(
746 2618 911 2690 similium
930 2639 1070 2689 rerum:
1099 2614 1321 2690 Ostendebat
1346 2669 1373 2710 „
1392 2619 1532 2693 Gloriae
1552 2624 1624 2696 Dei
1642 2626 1764 2700 detra·

452 2743 480 2810 ,·,
499 2718 582 2790 here
607 2741 688 2808 eos,
723 2718 783 2813 qui
812 2714 1018 2811 hujusmodi
1046 2714 1250 2786 cerimoniis
1277 2717 1469 2811 quicquam
1492 2720 1713 2796 tribuerent:
1732 2775 1761 2817 „
1797 2735 1801 2740 '

451 2813 540 2888 Hoc
558 2812 731 2888 doetrinae
748 2837 859 2909 genus
878 2811 978 2884 brevi
995 2809 1083 2881 adeo
1100 2811 1185 2883 altas
1205 2811 1240 2881 in
1258 2813 1426 2886 cordibus
1443 2816 1647 2891 auditorum
1667 2823 1762 2894 radi·

451 2936 509 2983 ces
527 2913 677 3007 agebat,
704 2931 744 2982 ut
764 2908 1044 2983 consecrationes
1063 2906 1159 2998 ilias,
1185 2908 1319 2996 misius,
1345 2910 1577 3006 ambnrvalia,
1603 2919 1762 2989 circum·

452 3006 686 3099 gestationem
715 3007 812 3100 panis
838 3009 873 3075 in
892 3028 1027 3101 pompa
1043 3001 1203 3097 Persica,
1230 3008 1266 3081 ὅ(
1286 3008 1368 3080 alias
1385 3007 1647 3103 superstitiones
1666 3013 1760 3087 haud

453 3105 504 3175 ita
522 3105 639 3184 multo
659 3105 737 3197 poli
756 3101 858 3198 piane
879 3102 1168 3173 intermitterent.

500 3201 587 3273 Erat
615 3198 700 3272 vero
729 3200 798 3270 hoc
828 3196 920 3269 idem
949 3218 1112 3294 tempus,
1140 3220 1211 3291 quo
1238 3199 1280 3271 ad
1299 3199 1503 3299 sopiendam
1525 3201 1639 3299 sipore
1656 3206 1760 3303 litem

452 3300 545 3371 inter
573 3295 665 3394 ipsos
691 3294 962 3368 Reformatores
980 3295 1024 3366 de
1043 3319 1128 3366 vero
1148 3296 1338 3369 verborum
1359 3297 1591 3375 institutionis
1611 3303 1647 3375 S.
1667 3309 1761 3380 Coe·

451 3420 508 3469 rrae
535 3395 629 3470 sensu
657 3415 819 3467 exortam
848 3392 1318 3468 OECOLAMPADIUS
1346 3398 1560 3493 peculiarem
1579 3403 1763 3479 emitteret

452 3493 635 3587 libellum,
655 3494 698 3565 dc
716 3495 869 3604 genuina
887 3490 1078 3564 verborum
1091 3491 1243 3563 Domini
1257 3495 1333 3585 ib),
1360 3500 1434 3569 Hoc
1448 3497 1494 3590 est
1509 3521 1621 3593 corpur
1639 3527 1762 3597 meum,

448 3587 1272 3685 juxtavetusiissrmosausiores,Expositione3
1295 3593 1762 3697 inquo,argumentisper·

453 3685 811 3787 spurcissimis-atque
830 3683 1060 3779 solidiffimis,
1088 3687 1185 3759 Petri
1206 3687 1401 3761 Lombardi
1421 3693 1625 3766 &aliorum
1645 3698 1762 3770 Scho-

452 3781 658 3855 lasticorum
684 3786 728 3855 de
754 3788 851 3882 panis
871 3786 906 3856 in
925 3808 1057 3880 corpus
1075 3785 1378 3878 metamorphosr,
1404 3788 1610 3864 sententiam
1631 3794 1681 3867 ita
1697 3818 1763 3867 ex·

452 3880 588 3975 agitat,
622 3899 663 3953 ut
687 3879 787 3954 simui
809 3885 902 3956 illam
923 3881 1030 3979 ipsam
1051 3884 1213 3976 corporis
1231 3882 1367 3955 Christi
1387 3888 1423 3957 in
1442 3887 1678 3962 Eucharistiae
1697 3893 1762 3962 Sa·

451 3996 634 4065 eramento
661 3981 868 4075 praetensam
896 3977 1122 4078 praeseutium
1150 3980 1283 4053 nullam
1310 3982 1378 4057 effe
1402 3984 1573 4061 edoceat:
1612 3988 1672 4061 De
1690 3987 1760 4060 boc

1635 4082 1761 4158 Oeco-

490 4203 539 4282 (π)
565 4200 649 4267 conf.
671 4198 835 4266 ADAMI
856 4204 920 4268 loc.
938 4206 989 4271 cit.

488 4288 540 4366 (b)
564 4282 617 4355 cst
635 4287 658 4356 ir
676 4285 876 4374 Argentorati
893 4307 985 4371 1525.
1004 4285 1039 4354 8.·
1061 4288 1172 4356 editus.
