4442 5150
455 680 625 780 nasu.
717 667 1426 771 *nnmovaflnn
1572 617 1588 702 9
1691 681 1762 792 3⁴47

341 851 347 862 ·
454 806 662 886 eonsensum
681 801 933 876 altercantibus
953 799 1171 900 imperasset:
1201 801 1375 877 Censebat
1392 806 1514 905 itaque
1529 831 1603 883 rem
1622 808 1761 891 differri

453 909 581 982 debere
600 924 710 999 usque
729 903 770 972 ad
783 900 1014 990 Concilium,
1033 900 1070 970 in
1085 922 1163 995 quo
1178 898 1352 972 Ecclefiae
1366 903 1449 974 Vox
1467 909 1640 981 audienda
1652 912 1760 1007 esset,

455 1004 541 1081 dum
562 1004 695 1074 interea
710 999 903 1093 unicuique
921 998 1012 1092 parti
1029 1014 1161 1091 purum
1180 999 1252 1068 Dei
1263 996 1426 1070 Verbum
1439 1008 1761 1105 commendabant,

457 1122 564 1198 atque
591 1117 631 1169 ut
650 1097 802 1192 gloriam
823 1096 894 1166 Dei
913 1089 1020 1164 unice
1037 1112 1260 1188 quaererent,
1285 1117 1480 1192 pacemque
1497 1101 1678 1196 colerent,
1699 1106 1762 1178 'in-³

452 1196 676 1296 jungebant:
713 1197 764 1265 At
780 1188 867 1264 verb
886 1192 980 1262 cives
997 1213 1038 1260 ea
1055 1189 1100 1261 de
1116 1214 1153 1261 te
1170 1191 1399 1263 vehementer
1415 1195 1597 1288 quiritanti,
1623 1202 1660 1271 in
1678 1194 1768 1274 ωε(

455 1315 513 1370 tus
531 1294 629 1369 coite
648 1289 721 1383 (a),
747 1314 818 1360 non
833 1286 969 1385 justum
988 1283 1057 1357 else
1073 1286 1129 1357 vet
1150 1310 1292 1381 aequum
1311 1289 1472 1363 arbitrati
1491 1294 1526 1364 in
1542 1297 1761 1371 unaeadem·

456 1415 526 1488 que
553 1387 641 1462 urbe
660 1407 700 1458 ut
719 1386 874 1482 populus
891 1396 962 1456 ta'm
982 1382 1128 1454 diversis
1146 1383 1363 1457 sermonibus
1381 1379 1651 1463 distraheretur:
1682 1393 1760 1464 Ex-

454 1508 577 1600 petere
602 1485 715 1579 igitur
741 1481 762 1553 a
789 1483 942 1571 Senatu,
964 1499 1017 1571 ut
1045 1479 1130 1550 huic
1154 1482 1249 1554 malo
1276 1482 1426 1576 pleniori
1453 1490 1604 1579 quodam
1626 1488 1758 1563 Edisto

456 1605 568 1658 aretur
594 1581 751 1653 obviarn.
796 1581 944 1652 Senatus
970 1598 1053 1646 cum
1076 1572 1200 1671 parum
1220 1576 1240 1647 ai
1259 1579 1416 1651 tumultu
1434 1580 1530 1654 cives
1547 1583 1659 1656 abesse
1677 1610 1761 1681 per·

456 1681 630 1775 spiceret,
656 1674 1007 1750 convenerant'enim
1026 1693 1175 1742 numero
1193 1674 1464 1770 quadringenti,
1490 1698 1596 1775 atque
1614 1705 1677 1777 per
1694 1685 1761 1755 tri·

456 1779 558 1873 ginta
577 1776 782 1870 Deputatos
800 1771 961 1845 libellum
982 1767 1213 1935 Magistratut
1231 1771 1426 1868 supplicem
1445 1771 1574 1848 offerre
1592 1776 1663 1849 aust
1682 1777 1762 1852 fue·

456 1891 557 1965 tant,
587 1873 628 1946 iit
644 1870 810 1968 equidem
827 1870 983 1940 animum
1002 1866 1044 1936 ad
1071 1889 1130 1938 ere
1147 1885 1253 1962 atque
1270 1871 1405 1964 quaevis
1422 1869 1517 1944 bona
1534 1876 1682 1946 ominari
1698 1878 1761 1970 ju·

454 1967 580 2061 bebat,
614 1967 672 2040 sed
695 1990 801 2064 quam
822 1964 886 2037 fibi
905 1982 1022 2050 tamen
1042 1961 1122 2034 haec
1139 1963 1387 2058 displicerent,
1415 1966 1628 2060 testabatur,
1655 1970 1760 2046 simul

454 2062 540 2140 verb
566 2065 602 2139 d.
627 2087 686 2158 27.
712 2061 936 2137 Novembris
962 2058 1047 2150 (b),
1082 2057 1264 2154 publicam
1291 2063 1416 2133 edebat
1442 2063 1761 2164 Declarationem,

453 2213 481 2255 ‚‚
498 2161 543 2234 de
596 2161 810 2234 ermittenda
831 2158 959 2230 utrivis
976 2155 1068 2251 parti
1087 2160 1305 2229 concionum
1324 2160 1362 2232 &
1380 2158 1464 2230 fidei
1482 2161 1552 2234 suae
1572 2165 1760 2257 libertate,

451 2308 478 2351 „
496 2186 607 2331 morso
633 2280 678 2329 ne
704 2256 791 2354 quid
819 2251 980 2327 adversus
1004 2255 1297 2346 tranquillitatem
1315 2252 1500 2347 ‘publicam
1521 2260 1733 2333 molirentur
1742 2295 1759 2349 ς

452 2355 540 2428 Fuit
565 2373 685 2426 autem
705 2349 891 2446 praecipue
910 2353 947 2422 in
965 2348 1141 2444 sopiendis
1158 2349 1251 2421 bisce
1268 2351 1382 2422 turbis
1400 2352 1591 2448 conspicua
1609 2359 1762 2450 provida

455 2447 732 2539 Oecolampadii
758 2469 863 2536 cura,
897 2447 959 2542 qui
978 2463 1155 2540 quantum·
1169 2447 1203 2516 in
1222 2445 1299 2539 ipso
1316 2465 1390 2518 etat
1408 2469 1553 2542 pacatos
1572 2447 1688 2525 fillere
1706 2455 1779 2527 ci·-

453 2547 555 2621 vium
574 2543 732 2635 animos,
759 2558 865 2637 atque
882 2565 926 2615 ne
943 2543 981 2615 in
998 2539 1204 2616 seditionem
1224 2566 1277 2614 res
1295 2564 1518 2639 crumperet,
1536 2572 1678 2622 omnem
1698 2574 1762 2626 na·

455 2664 537 2714 vare
564 2662 708 2735 operam
738 2638 966 2736 studiumque
993 2662 1066 2710 non
1083 2638 1297 2725 omittebam
1333 2641 1467 2715 Scribit
1485 2644 1572 2718 verb
1593 2649 1619 2717 is
1640 2653 1763 2742 paucis

455 2737 572 2813 verbis
591 2738 702 2809 multa
721 2736 774 2830 (c)
800 2737 842 2807 ad
864 2738 956 2810 Phil.
977 2737 1320 2810 Melanchthonem:
1355 2791 1382 2829 ‚,
1404 2740 1461 2810 De
1480 2739 1569 2813 slatu
1589 2744 1762 2817 Ecclesiae

454 2887 482 2931 ‚‚
501 2832 727 2924 Basileensrs,
761 2855 884 2905 rumor
909 2831 1037 2905 cundia
1062 2836 1229 2924 nunciat,
1266 2834 1403 2908 tametsi
1431 2836 1598 2934 pleraque
1623 2844 1761 2918 vanius.

455 2986 483 3028 ,‚
502 2931 586 3005 Una
605 2954 643 3003 re
660 2930 877 3027 gloriamur,
896 2929 1095 3003 discordem
1107 2931 1244 3003 Christi
1263 2934 1556 3029 praedicationem
1574 2934 1762 3030 sublatam,

456 3084 483 3127 „
503 3032 539 3103 &
560 3028 655 3125 quod
676 3025 910 3125 Magistratus
928 3048 1027 3100 totus
1045 3028 1081 3100 in
1096 3028 1170 3102 boc
1188 3028 1260 3121 est,
1279 3051 1319 3103 ut
1333 3030 1442 3128 juxti
1460 3033 1608 3106 verbum
1623 3025 1763 3111 Christi

455 3178 482 3222 ‚,
502 3150 606 3223 quam
625 3122 804 3220 purissime
823 3122 881 3196 sua
897 3124 995 3216 plebs
1013 3125 1132 3218 vivat,
1160 3127 1331 3223 quicquid
1350 3129 1409 3201 alii
1428 3150 1619 3229 nugentur.
1649 3131 1763 3205 Certe

457 3249 575 3320 „non
601 3222 651 3296 est
678 3223 746 3294 illis
773 3224 953 3316 integrum
980 3220 1169 3316 expediare
1194 3227 1357 3323 generale
1381 3226 1470 3300 illud
1496 3228 1693 3300 concilium
1719 3245 1763 3302 ut

452 3374 481 3415 „
500 3322 641 3395 interim
659 3319 876 3392 conniveant
891 3316 933 3388 ad
948 3318 1185 3484 plutitpprum
1202 3325 1434 3419 impietatem.
1458 3324 1642 3397 Labotant
1651 3323 1762 3414 item,

1106 3438 1131 3483 x
1160 3438 1180 3486 ²·
1673 3469 1700 3509 ar
1718 3439 1762 3492 υἷ’

499 3542 549 3619 (a)
574 3539 667 3604 Dum
683 3543 723 3607 ita
740 3540 898 3609 ludantur
916 3537 1102 3604 Bafileenses
1119 3540 1232 3625 Wolfg.
1248 3539 1406 3605 Fabricius
1421 3535 1621 3620 CAPITO‚
1663 3542 1763 3691 &isim

459 3627 559 3687 lacos
578 3623 712 3702 solatur,
739 3625 822 3691 ledlu
841 3623 972 3689 minime
990 3624 1131 3708 indigna,
1155 3645 1251 3707 quarn
1267 3623 1345 3687 inter
1361 3623 1567 3687 Documenta
1583 3624 1655 3690 hnic
1752 3629 1763 3695 l

456 3704 613 3784 subidit,
639 3712 767 3771 relatam
790 3710 926 3774 inuenies
951 3706 1058 3772 Num.
1076 3701 1159 3773 XX.
1190 3726 1228 3770 ex
1253 3705 1504 3771 SCULTETI
1523 3705 1670 3773 Annali).
1728 3732 1762 3775 e·

456 3790 525 3855 cad.
544 3788 585 3851 ll.
610 3804 700 3869 p.99.
725 3790 839 3872 &sqq
865 3784 1050 3857 Ambrofius
1069 3812 1200 3873 quoque
1216 3790 1314 3853 Pesar
1334 3812 1388 3867 us,
1412 3789 1594 3856 Monachus
1612 3791 1763 3859 Domini·

456 3893 552 3938 canus
571 3887 640 3935 tutn
657 3873 836 3951 apologiam
852 3874 992 3940 sacrificii
1008 3875 1147 3940 missatici
1162 3873 1289 3938 Senatui
1304 3812 1465 3937 basileum
1481 3874 1647 3960 offerebat,
1664 3898 1764 3962 quant

458 3956 602 4039 fingulari
618 3954 731 4036 scripto
750 3956 762 4033 (
790 3956 852 4018 uod
870 3959 898 4021 in
913 3956 971 4042 Ep.
985 3958 1131 4034 Zwingl.
1150 3955 1308 4020 &Oecol
1327 3954 1544 4041 L.1.f01.46.
1562 3962 1760 4041 b.—-55.

458 4036 751 4127 legitutltefutavit
806 4036 1213 4105 ECOLAMPADIUS.

499 4127 551 4203 (b)
577 4117 802 4188 RUCHA-T.
826 4119 871 4185 T·
891 4124 915 4185 l.
940 4138 1060 4205 p.-479.
1522 4191 1525 4196 ,

499 4210 550 4286 (c)
574 4226 606 4266 v.
626 4204 684 4290 Ep.
703 4203 848 4284 Zwingl.
867 4204 897 4269 u
915 4203 1035 4270 Oecol.
1060 4204 1101 4273 L.
1119 4206 1179 4272 III.
1203 4206 1389 4277 sol·122.a.
1413 4206 1467 4277 Est
1483 4230 1519 4277 ea
1531 4209 1609 4294 ptid.
1626 4211 1762 4295 Kalend..

460 4287 814 4373 April.1528.scripta.
1055 4372 1058 4377 Ι
1270 4345 1280 4368 ,
1340 4351 1344 4358 ,
1504 4360 1509 4368 ,
