4442 5150
364 614 630 713 xalam.
794 607 1575 690 RENOVATL'I
1705 633 1778 710 259

461 799 490 840 ‚,
510 745 622 820 modb
642 742 776 822 sincere
795 745 968 839 doceam,
987 742 1023 817 id
1042 744 1139 842 quod
1160 741 1347 844 praecipud
1364 744 1402 817 in
1410 742 1505 817 votis
1514 742 1601 818 meis
1611 741 1776 840 habeo.„

460 841 650 918 Caeteritm
670 845 732 916 ubi
751 845 1009 941 Hosmrrsteram
1028 865 1146 916 tamen
1165 843 1244 940 post
1263 846 1374 915 varias
1392 844 1641 917 contentiones
1659 845 1703 916 ab
1717 845 1775 918 os·.
1864 851 1866 854 ’

458 943 547 1015 ficio
573 945 624 1034 (a)
644 940 871 1033 dimiserant,
914 944 940 1013 ii
967 943 1030 1037 qui
1057 940 1259 1042 Evangelio
1284 939 1318 1013 se
1344 942 1598 1035 opponebant,
1631 942 1774 1032 Erasini

375 1111 378 1114 ,
459 1043 594 1114 Ritteri
612 1041 800 1138 Theologi
819 1041 945 1112 Bavari
964 1041 1175 1136 cumprimis
1192 1062 1337 1135 operam
1356 1039 1421 1110 fibi
1439 1041 1670 1135 expetierunt
1679 1035 1774 1137 ,qui

459 1139 496 1209 in
526 1137 761 1210 Hosmeisteri
790 1140 910 1211 locum
939 1137 1144 1232 surrogatus
1164 1135 1221 1226 (b)
1246 1137 1282 1208 in
1303 1137 1484 1232 principio
1502 1135 1581 1210 satis
1599 1141 1773 1219 tenaciter

459 1234 583 1332 priscis
593 1260 737 1333 quoque
747 1232 1230 1326 titibusdicituradbaefisse,
1249 1235 1598 1327 donecipsatandem
1611 1236 1773 1331 ll.1524

457 1332 616 1407 salutaris
650 1336 767 1430 gratia
792 1359 856 1407 cor
881 1335 958 1429 ejus
985 1333 1145 1404 veritatis
1170 1331 1250 1404 luce
1277 1333 1530 1425 collustraret,
1571 1334 1671 1429 isque
1696 1357 1772 1409 non
1806 1339 1809 1342 ‘

457 1433 574 1505 minus
608 1454 694 1504 vota
720 1431 777 1503 sua
806 1431 987 1504 addiceret
1012 1429 1245 1526 Evangeli03
1281 1429 1430 1503 *Interea
1457 1450 1574 1503 tamen
1602 1430 1673 1502 boc
1695 1432 1778 1526 jam,

457 1553 551 1600 anno
583 1527 817 1623 processiones
842 1529 1000 1625 publicae
1026 1525 1123 1599 festis
1149 1526 1326 1599 Pascbatis
1351 1551 1393 1600 ac
1421 1526 1648 1601 Pentecostes
1674 1530 1770 1603 celes

458 1626 553 1698 brari
579 1626 717 1719 solitas,
751 1624 965 1699 austeritate
989 1623 1137 1722 publica
1161 1623 1363 1716 cessabant,
1405 1621 1604 1722 partimque
1627 1622 1771 1719 aberat,

458 1726 546 1819 quin
573 1749 696 1800 omnes
721 1720 990 1797 sustollerentur
1014 1723 1212 1819 imagines,
1255 1721 1419 1820 ipsique,
1461 1744 1644 1822 quotquot
1671 1741 1772 1803 erant

459 1821 618 1916 Clerici,
645 1823 688 1895 ad
707 1821 885 1895 ducendas
905 1843 1035 1894 uxores
1054 1822 1211 1892 animum
1230 1821 1481 1919 applicarent.'
1500 1822 1571 1895 Sed
1588 1821 1693 1894 variis
1709 1847 1772 1896 arn

458 1917 584 2018 gustiis
610 1920 643 1994 se
671 1920 829 2017 undique
847 1918 1017 1995 videbant
1035 1917 1210 2009 obsessos,
1235 1920 1296 2087 pul
1316 1918 1586 1992 Reformationi
1605 1917 1774 1996 favebant

457 2037 565 2115 atque
585 2020 619 2090 in
639 2020 798 2093 concilio
818 2039 994 2116 pagorum
1016 2014 1165 2089 badensi
1182 2016 1240 2088 sua
1256 2040 1281 2088 u
1299 2015 1472 2113 Episcopi
1492 2016 1774 2095 Constantienfis

455 2115 640 2190 decretum
670 2118 892 2191 formabatur
918 2112 1092 2187 doslrinae
1119 2114 1352 2211 Evangelicae
1370 2113 1577 2210 adversum,
1602 2114 1774 2215 variique

456 2217 579 2310 gravia
595 2214 758 2289 adversus
777 2211 991 2289 consessores
1010 2211 1304 2285 decernebantur.
1758 2272 1766 2289 .

504 2313 548 2385 ln
581 2311 1029 2388 SARGANENSIUM
1057 2317 1163 2407 (quos
1182 2308 1341 2383 subditos
1359 2306 1427 2383 else
1444 2309 1584 2383 constat
1601 2311 1771 2392 Helveti-

455 2432 509 2482 cae
533 2413 644 2508 Reip.
669 2433 776 2507 atque
799 2413 836 2482 in
854 2410 950 2482 hunc
969 2431 1081 2505 usque
1099 2408 1193 2479 diem
1213 2409 1342 2503 partim
1363 2407 1610 2502 Reformatae,
1637 2413 1772 2505 partim

455 2509 665 2582 Pontificiae
703 2509 869 2604 religioni
896 2505 1071 2594 addistos)
1108 2506 1283 2589 comitatu
1311 2523 1388 2578 tum
1415 2530 1560 2603 quoque
1587 2509 1771 2605 puriorem

453 2603 655 2677 doelrinam
682 2606 826 2700 quidam
854 2608 1115 2679 annunciarunt
1133 2603 1186 2695 (c)
1214 2606 1302 2676 adeo
1329 2625 1372 2677 ut
1400 2604 1521 2677 Abbas
1539 2629 1682 2703 quoque
1701 2608 1771 2680 Fa·

454 2701 647 2793 barienfis,
683 2711 778 2799 (quae
805 2704 945 2777 abbatia
969 2704 1019 2777 est
1045 2702 1088 2775 ad
1116 2702 1218 2773 illurn
1247 2703 1473 2781 Comitatum
1499 2702 1673 2797 spestans)
1697 2708 1770 2799 Ja-

454 2802 551 2873 cobus
569 2804 778 2900 Ruffingerus
804 2828 879 2876 eam
907 2801 1017 2875 fuerit
1044 2800 1249 2897 amplexus,
1283 2801 1345 2898 qui
1363 2821 1482 2872 tamen
1502 2802 1670 2895 deinceps
1688 2801 1771 2895 pol·

378 2979 384 2984 ,
455 2900 716 2973 licitationibus
737 2901 908 2997 Episcopi
920 2898 1202 2975 Curiensts&N
1206 2898 1296 2969 untii
1316 2900 1470 2996 papalis,
1490 2900 1552 2994 qui
1570 2895 1666 3069 sptem
1684 2922 1771 2995 pur·

454 3020 554 3092 purae
576 3000 822 3073 Cardinalitioe
843 2997 909 3097 ipfi
929 2999 1163 3093 suscitabant,
1190 2998 1349 3071 irretitus
1368 2995 1389 3071 ὲ
1406 3000 1558 3072 veritate
1598 2994 1709 3073 esecit
1725 2996 1771 3073 ad

454 3094 617 3192 pristinas
636 3098 753 3170 sordes
773 3098 926 3170 reditum
947 3097 1099 3185 faciens3
1754 3125 1762 3140 ·

500 3213 531 3287 §.
551 3201 701 3274 XCVI.
730 3203 773 3273 ln
798 3202 1019 3274 urbeautem
1048 3200 1609 3276 CONSTANTIENSI
1628 3202 1770 3295 (d)Jt·

451 3297 575 3373 bannes
603 3303 777 3375 Ztuiclrius
804 3300 1019 3398 Theologus
1046 3298 1264 3470 {plLdizl'bmus
1291 3303 1329 3376 &
1351 3300 1568 3441 §Offiffimus
1586 3297 1769 3465 ‘Vagffiealtif

1754 3444 1769 3487 a

498 3629 549 3708 (a)
576 3629 611 3691 ln
630 3632 690 3697 boc
709 3634 784 3699 slatu
802 3658 908 3703 return
926 3636 1151 3719 Hofmeisterur
1167 3636 1297 3718 quidem
1315 3634 1346 3699 se
1363 3632 1535 3698 subduccre
1552 3630 1680 3696 debebat
1696 3632 1770 3698 offi-

452 3714 504 3777 cio
530 3715 677 3797 public0‚
707 3720 748 3782 ita
772 3736 875 3787 tamen
901 3739 936 3785 ut
957 3722 1100 3807 privatim
1119 3741 1250 3803 quoque
1265 3734 1404 3803 pergeret
1420 3719 1476 3781 bos
1492 3718 1563 3782 illos
1581 3716 1768 3800 informare,

451 3798 651 3879 suorumque
674 3801 795 3867 animos
813 3804 843 3868 in
867 3809 994 3871 veritate
1017 3806 1226 3882 confirmare,
1259 3802 1328 3886 quo
1346 3804 1428 3880 illm,
1451 3801 1569 3869 faciunt
1584 3803 1769 3888 propofitio·

450 3901 505 3947 tres
520 3883 589 3964 jam
607 3882 636 3963 ᾧ,
648 3881 779 3949 XClll.
805 3887 821 3951 i
839 3892 927 3957 nobis
945 3912 982 3958 err
1001 3886 1273 3955 SCULTETO
1290 3884 1445 3951 adduuae.

494 3986 546 4066 (b)
572 4004 604 4046 v.
629 3985 659 4066 s.
678 3981 809 4050 XClll.
833 3989 888 4053 sub
906 3990 963 4056 fin.
987 4012 1024 4057 ex
1044 3990 1191 4057 Sculteto
1207 4005 1321 4073 p.130,
1342 4005 1412 4071 13¹·
1880 4022 1884 4028 ·

452 4162 483 4228 R
487 4088 554 4233 §pp
571 4082 773 4256 lplgsglN
777 4085 820 4151 G.
844 4088 943 4154 Helv.
967 4091 1009 4157 K.
1029 4090 1078 4158 G.·
1097 4110 1167 4177 pag.
1181 4107 1250 4173 132.
1278 4111 1315 4158 er
1334 4087 1587 4159 ANHORNII
1604 4089 1766 4177 Palingen.

495 4270 547 4349 (d)
572 4292 604 4337 u.
630 4271 659 4356 §.
678 4267 980 4341 LXXXIX.-sub.
1005 4275 1062 4342 fin.
1087 4292 1155 4362 pag.
1175 4290 1247 4359 239.
1335 4334 1338 4337 .
