4442 5150
821 622 825 627 ,
1030 515 1152 614 lv)
1252 571 1254 575 >
1628 615 1632 619 .

451 649 645 727 [aridorum
665 653 798 748 patrum
811 648 1121 741 determinationes,
1143 647 1493 749 conciliorumque&
1512 654 1726 730 summorum

392 751 396 756 ’
411 758 414 762 ’
454 747 660 845 pontificum
675 744 1090 842 expulsas-ordinationes,
1114 745 1171 817 l'eu
1183 769 1326 816 canones
1336 748 1418 834 elle,
1432 749 1555 842 teperti
1570 750 1730 824 fuillent:
1805 815 1809 821 .

455 842 637 929 articulos,
662 840 730 911 five
747 863 876 910 errores
899 841 1012 936 ipsos,
1035 858 1072 910 ut
1092 839 1344 911 hoereticosuut
1366 840 1574 913 scandalosos
1594 842 1650 914 seu
1669 844 1732 916 sal·
1812 884 1817 891 ·

456 934 526 1024 sos,
550 956 608 1006 aut
634 935 764 1029 piarum
783 933 916 1004 aurium
931 931 1138 1020 offensrvos,
1160 933 1196 1003 ἃ
1211 934 1341 1003 veritati
1353 934 1528 1007 catholicae
1541 936 1731 1029 obviantes,

456 1029 500 1101 de
516 1032 700 1100 eorundem
725 1027 867 1098 fratrum
887 1027 1026 1105 confilio
1050 1029 1085 1099 ὅ(
1111 1025 1269 1114 offensu,
1298 1027 1489 1100 &aliorum
1511 1029 1730 1124 praelatorum

456 1144 589 1195 matura
600 1121 854 1209 deliberatione,
879 1141 983 1216 prout
995 1121 1027 1191 in
1039 1119 1203 1192 fimilibus
1216 1119 1465 1195 consueverunt
1478 1124 1731 1218 praedecell'ores

458 1217 585 1300 nostri,
603 1239 643 1288 ac
660 1215 749 1287 sedes
767 1215 961 1310 Apostolica
979 1215 1179 1309 procedere,
1196 1214 1449 1304 damnavimus,
1472 1217 1730 1312 reprobavimus

458 1311 497 1383 δε
507 1311 649 1384 omnino
663 1309 855 1401 rejecimus:
881 1311 917 1381 &
931 1332 996 1404 pro
1010 1309 1188 1397 damnatis,
1216 1309 1400 1402 reprobatis
1411 1313 1448 1384 &
1463 1311 1592 1407 rejeciis
1603 1312 1645 1384 ab
1657 1338 1732 1386 om·

457 1404 560 1477 nibus
574 1403 753 1500 utriusque
768 1402 1004 1475 lexusClrristi
1023 1401 1184 1474 fidelibus
1203 1402 1315 1474 haberi
1326 1403 1449 1476 debere
1462 1405 1675 1478 decrevimus
1688 1409 1731 1482 ὃς
1830 1465 1834 1471 .

447 1499 723 1571 declaravimus:
748 1520 787 1567 ac
802 1495 962 1567 omnibus
984 1497 1024 1567 bc
1040 1495 1180 1593 singulis
1198 1495 1328 1567 Christi
1345 1495 1505 1569 fidelibus
1529 1519 1596 1571 tam
1619 1500 1729 1593 laicis,

457 1599 562 1690 quain
579 1591 709 1665 clericis
721 1588 923 1662 secularibus
936 1591 972 1661 bt
990 1589 1195 1692 quorumvis
1205 1589 1365 1662 ordinum
1381 1591 1595 1688 regularibus
1608 1594 1731 1680 &aliis
1838 1671 1846 1677 ,

482 1686 724 1780 uibuscunque
741 1683 889 1779 personis
905 1705 1025 1778 quavis
1041 1682 1217 1782 dignitate,
1240 1685 1340 1756 etiam
1352 1685 1588 1760 Cardiualatus
1601 1687 1731 1762 honore

378 1849 380 1852 .
421 1785 426 1796 '
455 1709 668 1879 lulgentibus
687 1781 723 1851 ἃ
746 1779 819 1848 aliis
834 1776 1006 1873 praelatis,
1035 1800 1074 1848 ac
1100 1777 1327 1851 conventibus
1353 1778 1391 1851 &
1408 1779 1729 1875 univerfirlitatibus,

400 1942 414 1947 ..
458 1893 557 1947 ettam
577 1875 765 1946 studiorum
789 1869 1019 1970 generalium,
1036 1895 1099 1943 nee
1116 1895 1185 1942 non
1198 1872 1406 1971 Regibus&
1420 1876 1635 1971 Imperatoris
1647 1876 1729 1950 Ele.

458 1966 611 2042 &oribus
634 1966 866 2075 principibus,
889 1965 1066 2052 Ducibus,
1080 1965 1362 2058 Marchiontbus,
1385 1968 1597 2058 Comitibus,
1625 1971 1730 2043 Baro·

457 2063 577 2152 nibus,
594 2062 802 2158 Capitaneis,
814 2058 1115 2147 Conduuonbus,
1130 2059 1333 2132 Domicellis
1348 2062 1578 2159 omnibusque
1588 2062 1730 2137 Officia·

456 2155 564 2246 libus,
584 2156 779 2250 judicibus,
805 2156 973 2242 Notariis,
993 2153 1220 2227 ecclesiasticis
1238 2156 1274 2226 ὃ(
1292 2155 1512 2247 secularibus,
1538 2161 1730 2233 communi·

459 2251 609 2339 tatibus,
632 2247 927 2335 universitatibus,
955 2246 1200 2340 potestatibus,
1224 2249 1442 2339 civitatibus,
1468 2252 1605 2342 castris,
1633 2256 1731 2327 terris

457 2345 496 2418 &
516 2344 623 2432 locis,
646 2345 701 2418 seu
717 2366 832 2424 earutn
853 2342 906 2413 vel
923 2362 1042 2411 eorum
1062 2339 1218 2429 civibus,
1244 2340 1488 2416 habitatoribus
1504 2346 1542 2415 &
1558 2346 1677 2419 incolis
1690 2350 1728 2422 δε

458 2438 638 2535 quibusvis
649 2438 721 2511 aliis
732 2436 879 2534 personis
894 2430 1121 2506 ecclefiallicis
1135 2433 1188 2505 vel
1201 2434 1428 2537 regularibus,
1455 2439 1727 2532 peruniversum
1805 2457 1807 2462 '

455 2531 575 2612 osbern
602 2534 813 2629 ubicumque
835 2527 1015 2628 praesertim
1040 2525 1081 2597 in.
1101 2524 1278 2611 Alemanra
1298 2529 1514 2620 constitutis,
1544 2532 1578 2604 in
1601 2532 1735 2609 virtute:

455 2625 579 2701 sanciae
589 2627 788 2701 obedientiae
804 2628 840 2698 δι
858 2625 921 2695 sub
939 2621 1302 2696 excommunicationis
1315 2621 1390 2696 latae
1406 2623 1592 2717 sententiae,
1616 2630 1728 2701 acdif-

457 2722 626 2796 lidationis
643 2724 680 2795 ὃ(
698 2720 847 2793 criminis
861 2717 945 2791 laesar
961 2716 1214 2818 Majestatis‚&
1227 2716 1481 2810 haereticorum,
1504 2720 1541 2794 δε
1553 2720 1727 2797 fautorum

456 2819 657 2890 corumdem
691 2816 815 2912 injure
832 2811 1007 2907 expressis,
1027 2837 1066 2885 ac
1081 2811 1157 2883 aliis
1173 2813 1274 2885 etiam
1292 2834 1390 2900 tunc
1408 2813 1567 2912 expressis
1601 2819 1727 2911 poenis,

457 2935 500 2984 oo
511 2912 599 3008 ipso,
620 2910 802 3004 &absque
822 2907 975 2979 ulteriori
992 2906 1229 2996 declaratione,
1251 2930 1312 3002 per
1327 2930 1445 2981 ornnes
1462 2910 1499 2984 ὃ(
1510 2908 1660 3007 lingulos
1672 2911 1728 2986 su·

459 3005 629 3105 pradiclos
648 3004 687 3095 (st
712 3025 830 3076 contra
846 3000 1000 3082 fecerint)
1019 3001 1242 3089 incurrendis,
1270 3002 1495 3097 praecepimus
1513 3023 1616 3102 atque
1633 3028 1730 3079 man-

457 3102 633 3192 davimns,
660 3122 703 3170 ne
722 3097 878 3193 praefatos
893 3120 1042 3185 errores,
1067 3117 1265 3170 aureorum
1286 3094 1442 3190 aliquos,
1468 3100 1728 3194 perversamque

456 3195 645 3269 decirinam
659 3192 855 3290 hujusmodi
866 3190 1017 3280 allerere,
1037 3190 1222 3277 affirmate,
1243 3186 1436 3279 defendere,
1456 3192 1654 3289 praedicare,
1668 3217 1733 3269 aut

458 3287 515 3360 illa
532 3290 709 3387 quomodo
730 3284 835 3372 libet,
862 3283 1000 3380 publice
1019 3285 1072 3356 vel
1095 3283 1254 3371 occulte,
1280 3286 1405 3381 quovis
1424 3286 1567 3380 quaesrto
1590 3286 1728 3383 ingenio

457 3384 513 3451 vel
525 3386 656 3473 colore,
678 3382 776 3455 tacite
788 3379 842 3452 vel
859 3379 1010 3473 exprclle
1020 3376 1138 3451 fovete
1156 3376 1408 3474 praesumerent.
1458 3379 1596 3476 thuia
1609 3379 1723 3478 supra·

458 3474 543 3545 diesi
561 3501 703 3564 errores,
729 3477 767 3548 &
780 3474 892 3572 plures
903 3471 957 3544 alii
979 3473 1012 3543 in
1030 3471 1153 3545 libellis
1166 3470 1223 3544 seu
1242 3470 1371 3567 scriptis
1389 3474 1565 3570 cuiusdam
1580 3483 1727 3548 Martini

457 3569 596 3642 Lvrhem'
622 3571 905 3657 continebantur,
933 3566 1066 3639 libellos
1100 3564 1219 3655 isos,
1246 3566 1284 3639 ὅ(
1315 3568 1429 3639 omnia
1459 3566 1544 3641 diesi
1580 3579 1728 3645 Martini

456 3664 579 3759 scripta
597 3661 652 3734 seu
675 3666 946 3758 praedicationes,
967 3685 1048 3756 quae
1064 3662 1097 3732 in
1113 3592 1223 3734 latino
1240 3661 1295 3733 vel
1315 3683 1540 3760 quocumque
1556 3662 1624 3735 alio
1640 3665 1727 3739 idio·

416 3797 419 3803 Α
457 3778 546 3836 mate
564 3756 827 3852 reperiebantur,
849 3758 882 3829 in
900 3755 1028 3854 quibus
1047 3754 1129 3829 dieii
1146 3779 1276 3829 errores
1293 3753 1350 3828 seu
1366 3754 1488 3849 aliquis
1505 3779 1626 3831 eorum
1640 3784 1729 3835 con·

456 3855 667 3938 sinerentur,
691 3849 841 3922 fimilitcr
855 3849 1115 3936 damnavimus,
1144 3848 1401 3958 reprobavimus
1417 3874 1457 3922 ac
1468 3851 1665 3948 rejecimus,
1687 3857 1725 3930 ὃ(

457 3947 674 4117 prqpmniqq
691 3944 870 4033 damnatis,
894 3943 1129 4112 reprobapjs&
1146 3941 1276 4046 tejeiiis
1291 3942 1406 4023 habeti
1420 3944 1611 4025 voluimus:
1638 3951 1728 4055 acin

536 4066 614 4115 om.
673 4095 681 4114 .
1654 4066 1725 4117 vrr-
