4442 5150
461 650 629 744 Anyto:
718 699 727 713 .
822 633 1461 718 RENO'V'·ATI.
1579 652 1589 709 1
1701 661 1773 746 305

459 775 528 848 tim
558 772 608 866 (a)
634 789 727 839 anno
753 760 854 836 suurn
881 763 1022 858 accepit
1050 762 1383 860 complementum,
1417 790 1501 838 cum
1528 789 1602 841 non
1628 783 1769 846 tantum

461 871 610 967 publica
630 863 841 938 auctoritate
858 861 1028 958 imagines
1046 885 1089 933 ex
1108 862 1251 957 templis
1269 863 1501 959 tollerentur,
1527 865 1584 938 sed
1604 867 1770 960 &Missa

461 969 665 1040 aboleretur
681 982 787 1059 atque
804 961 841 1030 in
858 961 933 1052 ejus
953 960 1072 1030 locum
1094 959 1131 1030 S.
1143 959 1274 1030 Coenae
1292 958 1485 1033 celebratio
1502 963 1769 1054 institueretur5

463 1063 593 1156 Quid?
630 1063 726 1157 quod
753 1058 862 1128 trium
890 1054 1068 1127 foederum
1094 1057 1286 1149 optimates
1304 1055 1325 1128 zi
1343 1059 1486 1156 reliquis
1506 1061 1689 1134 Helvetiae
1709 1088 1769 1158 pa-

463 1166 541 1259 gis,
568 1182 721 1257 quorum
743 1153 828 1226 socii
847 1152 927 1224 sunt
945 1174 1051 1249 atque
1070 1149 1256 1243 soederati,
1283 1155 1325 1224 ad
1345 1154 1535 1228 Badcnscnr
1554 1158 1597 1228 de
1615 1183 1684 1253 qua
1701 1162 1769 1233 sta-

464 1264 530 1332 tim
551 1256 824 1354 disputationcm
846 1251 1010 1342 invitati,
1037 1247 1124 1320 illuc
1142 1251 1261 1322 venire
1279 1275 1351 1321 non
1370 1249 1390 1322 e*
1409 1276 1445 1323 re
1462 1252 1519 1324 sua
1531 1253 1597 1325 esse
1607 1256 1776 1330 arbitrati·

463 1355 617 1446 fuerint,
654 1353 788 1448 quippe
815 1349 876 1440 qui
905 1348 964 1439 δε,
999 1369 1080 1417 cum
1100 1346 1316 1442 legationem
1334 1349 1532 1443 reciperent
1549 1352 1770 1446 reliquorum

462 1457 608 1526 nomine
644 1449 688 1520 de
721 1444 990 1518 exterminanda
1012 1441 1113 1515 sella
1145 1443 1351 1516 Lutherana
1384 1467 1490 1542 atque
1515 1449 1770 1545 zuinglium,

463 1574 544 1646 quae
570 1545 758 1620 nonnullas
783 1565 908 1612 eorum
928 1541 1225 1631 communitates,
1252 1543 1320 1633 (uti
1339 1542 1495 1637 ajebant)
1515 1548 1771 1641 coinquinave-

463 1668 540 1733 rat,
577 1647 610 1716 id
638 1643 753 1714 facere
779 1636 996 1726 renuebant,
1033 1636 1122 1710 Erat
1148 1636 1234 1709 veri>
1261 1642 1298 1709 in
1326 1639 1378 1710 his
1396 1642 1561 1722 omnibus
1578 1643 1771 1738 conspicua

464 1746 633 1836 Johaonr's
664 1733 972 1812 COMANDRI
1009 1734 1210 1830 Presbyteri
1236 1755 1343 1830 atque
1369 1738 1521 1810 Parochi
1548 1741 1771 1818 Cathedralis

466 1839 638 1913 Ecclesrae
659 1830 839 1910 Curienfis
858 1833 970 1904 virtus
989 1850 1095 1926 atque
1113 1832 1311 1928 intrepidus
1331 1834 1367 1904 in
1384 1837 1534 1908 veritate
1552 1862 1772 1934 promoven·

415 1938 421 1950 '
468 1938 511 2010 da
538 1936 697 2026 inimus,
731 1954 772 2005 ut
799 1932 827 2002 is
854 1953 921 2025 pto
947 1930 1066 2024 primo
1084 1928 1121 1998 in
1138 1930 1288 2001 Rhaetia
1306 1930 1470 2004 Curiensi
1489 1933 1773 2012 Reformationis

463 2032 608 2107 auslore
625 2058 665 2105 ac
684 2027 882 2127 persuasore
897 2025 952 2120 (b)
974 2025 1093 2098 haberi
1112 2025 1260 2117 debeat,
1287 2028 1537 2125 cuipraetcrea
1553 2056 1635 2104 cum
1648 2036 1774 2110 Zwin·

460 2135 550 2229 glio,
578 2133 752 2219 Vedium,
780 2126 927 2218 aliisque
944 2125 1029 2196 vitis
1047 2124 1186 2196 eximiis
1204 2123 1367 2220 frequens
1386 2126 1575 2202 intercessit
1594 2155 1773 2206 commer-

465 2233 561 2300 cium
589 2229 782 2301 literarium
795 2257 807 2312 3
844 2222 894 2293 Et
921 2221 1056 2293 dicitur
1081 2223 1158 2317 ejus
1181 2240 1252 2294 tam
1274 2215 1480 2296 indefessum
1500 2240 1584 2321 erga
1602 2229 1718 2302 literas
1735 2257 1774 2302 a·

465 2350 601 2412 morem
630 2325 732 2398 suisse
756 2348 797 2396 nc
825 2313 1002 2410 sludium,
1037 2337 1079 2391 ut
1097 2342 1240 2414 quoque
1259 2320 1409 2415 propter
1426 2320 1587 2394 lectionis
1607 2331 1773 2421 copiam,

465 2426 655 2496 oculorum
684 2420 747 2493 usu
776 2415 1038 2516 propemodum
1065 2440 1148 2488 cum
1175 2416 1257 2487 esset
1284 2417 1449 2505 orbatus,
1477 2420 1636 2492 noudum
1654 2445 1774 2497 tamen

464 2521 639 2595 destiterit
668 2517 688 2588 t
715 2517 831 2588 studio
858 2517 991 2610 lingua·
1019 2513 1211 2586 Hebraicae
1230 2513 1313 2605 (elz
1362 2514 1559 2588 Enimvero
1589 2519 1637 2591 sin
1667 2523 1775 2597 ularis

463 2621 525 2688 illa
560 2613 758 2688 Comandri
794 2616 829 2687 ὃ(
856 2612 1036 2685 sociorum
1064 2613 1142 2708 ejus
1168 2612 1311 2703 virtus,
1339 2611 1545 2708 vtantopere}
1567 2543 1676 2691 inviis
1700 2640 1775 2695 erat

465 2712 697 2802 Pontifieiis,
739 2732 845 2807 atque
871 2708 1086 2799 dolorifica,
1121 2728 1162 2781 ut
1188 2732 1229 2780 ea
1254 2708 1382 2804 cepisse
1408 2710 1573 2784 dicantur
1598 2716 1773 2810 consilia,

467 2836 547 2907 quae
576 2810 640 2882 nifi
669 2811 788 2881 divina
816 2831 921 2879 mauu
947 2803 1110 2878 diffra&a
1137 2804 1306 2896 luissent,
1341 2809 1410 2879 toti
1438 2809 1638 2906 Evangelio
1657 2818 1775 2885 omni·

465 2910 602 3007 busque
626 2910 713 3003 ‘ejus
749 2904 1019 2979 Consessoribus
1047 2905 1215 2977 ultimum
1243 2902 1349 2977 facile
1376 2908 1528 2981 exitium
1555 2909 1772 2986 attulissent:

378 3085 383 3094 ,
467 3010 526 3081 Sic
555 3009 648 3079 enim
677 3008 768 3077 inter
795 3006 859 3076 alia
880 3001 1116 3097 Comander(
1142 3003 1191 3092 l:¹
1213 3055 1248 3095 „,
1267 3002 1429 3096 Leones,
1465 3006 1593 3099 Pardi,
1617 3009 1774 3108 Tigres,

467 3159 492 3197 ,‚
511 3106 669 3200 Ursrque
697 3104 854 3199 undique
882 3098 1041 3193 suriunt,
1076 3103 1268 3200 tinguntur
1296 3103 1367 3175 &o
1401 3100 1529 3198 seipsos
1547 3130 1651 3203 aeque
1669 3131 1776 3206 atque

466 3255 492 3295 „
511 3228 573 3275 nos
599 3207 635 3274 in
664 3225 790 3298 magna
818 3198 976 3295 pericula
1004 3220 1165 3293 ponunt,
1199 3199 1254 3271 sed
1284 3218 1412 3295 putant
1435 3201 1604 3295 forfitan,
1631 3204 1701 3278 sure
1720 3227 1776 3277 te-

467 3353 492 3393 „
512 3304 666 3374 terrimae
694 3300 839 3372 invidiae
868 3294 1093 3389 consultum,
1122 3298 1146 3368 sr
1173 3322 1237 3371 nos
1264 3299 1321 3370 vel
1347 3300 1389 3372 od
1418 3301 1539 3373 horam
1560 3303 1694 3398 priores
1712 3301 1774 3373 de·

993 3481 998 3488 .
1080 3394 1161 3489 Qq
1312 3465 1316 3476 ·
1637 3448 1663 3487 os
1680 3400 1776 3492 Peri·

462 3501 465 3508 ’
512 3544 559 3620 (a)
587 3539 638 3604 stc
664 3541 886 3607 zwrnron.
912 3540 1139 3604 aerumnam
1164 3541 1200 3604 as
1222 3540 1556 3621 mosomensem,
1581 3539 1775 3609 reinerum:

471 3623 499 3704 4.
521 3624 645 3702 Jarruar.
667 3641 756 3703 1527.
798 3626 962 3704 Curienser
978 3627 1046 3704 suis
1071 3624 1211 3685 inducias
1234 3626 1382 3686 dederunt
1406 3650 1440 3685 nr
1463 3648 1500 3684 ue
1523 3625 1565 3685 ad
1578 3622 1661 3686 Divi
1677 3626 1777 3692 Pauli

467 3707 703 3784 conversionem,
735 3724 801 3770 tum
820 3711 948 3795 sperant
973 3709 1080 3770 comite
1106 3707 1211 3787 miffir,
1242 3708 1377 3768 abituros
1401 3732 1416 3789 ς
1442 3708 1665 3787 edeosr'lsossi
1686 3735 1774 3796 neor,

467 3794 522 3890 pul
546 3793 633 3871 „flant
666 3788 705 3860 δ’)
736 3792 990 3913 non-offulam.
1029 3813 1068 3867 v.
1094 3789 1315 3858 ZWINGL.
1347 3792 1376 3855 &
1408 3791 1527 3857 Occol.
1559 3792 1619 3877 Ep.
1686 3798 1773 3863 .lV.

435 3875 671 4039 „frolpbiphpik
689 3955 890 4036 conjungitur
908 3958 1066 4023 Nicolrus
1085 3958 1251 4045 Balirrgius
1269 3957 1460 4025 Scholarum
1476 3959 1578 4027 Curiae
1590 3960 1777 4032 Rhetorum

468 4043 631 4127 profestos
650 4044 678 4104 iri
699 4039 754 4117 Ep.
775 4039 993 4105 ZlVlNGL.
1020 4041 1260 4126 &Oe'coln'mp
1274 4040 1356 4105 'L‘ib.
1378 4046 1402 4109 l.
1428 4045 1485 4108 sol.
1506 4050 1601 4126 29.·b.
1721 4046 1734 4076 ¹·

469 4173 474 4182 ,
510 4131 560 4207 (c)
587 4148 619 4187 v.
642 4122 888 4189 HOTTING.
907 4125 1005 4187 Helu.
1025 4127 1067 4190 K.
1084 4126 1129 4190 G.
1148 4145 1216 4209 pag.
1230 4142 1301 4206 301.
1325 4147 1361 4193 ex
1379 4130 1445 4215 ipsis
1462 4128 1637 4197 Comandri
1652 4134 1692 4198 ud
1709 4133 1777 4200 Vu-

368 4258 388 4280 ί,
469 4212 549 4273 dian.
570 4214 659 4277 literis
679 4212 708 4272 d.
728 4224 777 4286 23.
797 4208 884 4281 Auo,
906 4226 996 4285 1527.
1540 4253 1542 4258 .

446 4385 447 4391 Ν
515 4296 565 4372 rr)
592 4297 628 4359 ru
648 4293 705 4378 sp.
726 4296 755 4357 r.
776 4289 824 4355 ιε.
846 4289 960 4373 spons
978 4292 1059 4372 apud
1077 4275 1348 4362 Hortum.
1368 4298 1470 4366 roe.
1488 4315 1599 4382 p2301.
1760 4277 1776 4348 ἰ
