4442 5150
474 631 643 729 ΛΑΜ.
808 629 847 704 R
896 628 929 703 E
978 627 1021 704 N
1071 629 1108 704 Ο
1158 629 1197 705 V
1245 631 1367 707 A'T
1416 632 1447 708 1.
1712 662 1787 727 299

520 758 719 837 Enimverb
746 757 1087 852 TIGURINOS,
1122 760 1184 857 qui
1210 759 1281 834 suae
1307 761 1419 836 causae
1439 782 1558 837 tamen
1575 764 1810 866 apologiam.

468 861 514 936 ad
542 863 698 958 reliquos
724 883 835 956 pagos
858 862 932 955 jam
960 857 1126 930 miserant
1143 860 1193 952 (a)
1216 859 1383 933 incessere
1401 881 1508 958 atque
1525 865 1621 960 apud
1639 865 1783 943 confoe·

469 965 611 1034 deratos
638 961 801 1053 inprimis
826 954 1005 1051 Bernenses
1030 955 1223 1053 denigrare·
1236 980 1309 1029 non
1327 956 1541 1033 defistebant
1558 963 1686 1059 reliqui
1703 963 1783 1062 sep·

469 1077 544 1131 tem
573 1056 784 1153 cumprimis
809 1055 897 1150 Pagi
923 1051 1133 1145 Pontificii‚
1161 1055 1298 1151 quippe
1315 1057 1376 1152 qui
1396 1057 1434 1128 &
1453 1057 1711 1154 Bemensrbus,
1736 1086 1783 1136 ne

469 1156 659 1253 Tigurinis
677 1157 713 1225 in
732 1149 970 1225 conventibus
988 1151 1144 1245 publicis
1158 1154 1310 1248 amplius
1327 1151 1467 1225 affidere
1480 1155 1613 1249 velint,
1639 1159 1781 1253 persua-

468 1253 552 1326 dere
579 1250 854 1324 annitebantur:
900 1249 955 1320 Hi
981 1244 1091 1341 verb,
1127 1251 1288 1345 quamvis
1314 1251 1420 1322 etiam
1446 1252 1607 1325 nondum
1634 1278 1780 1331 omnem

467 1351 734 1449 Tigurinorum
763 1347 1075 1419 Reformationem
1095 1348 1236 1419 calculo
1255 1345 1317 1419 suo
1334 1346 1555 1445 approbare,
1580 1370 1698 1426 tamen
1715 1353 1780 1434 ab,-
1897 1366 1901 1373 '

464 1449 609 1521 alienari
629 1445 661 1519 se
680 1446 818 1543 prorsus
835 1443 1056 1541 dTigurinis
1075 1467 1121 1515 ex
1139 1445 1359 1541 reliquorum
1378 1465 1467 1520 voto
1486 1445 1567 1542 paffi
1583 1472 1658 1523 non
1674 1448 1778 1545 sunt,

465 1547 555 1642 quin
571 1547 703 1641 potius
728 1544 763 1615 d.
790 1543 919 1614 ultimo
944 1541 1102 1632 Januarii
1128 1543 1175 1614 A.
1199 1553 1302 1639 1526.
1337 1546 1373 1615 in
1399 1543 1563 1642 Epistola
1580 1547 1623 1619 ad
1640 1546 1779 1645 septem

465 1667 577 1740 pagos
595 1643 675 1715 data
693 1640 829 1713 disertis
848 1639 965 1710 verbis
982 1635 1054 1709 fassi
1070 1636 1171 1711 sunt:
1194 1640 1250 1733 (b)
1277 1692 1303 1733 „
1318 1638 1778 1744 senonvellenecd'l'igu·

464 1791 493 1833 ‚,
511 1743 616 1830 rinis,
651 1764 716 1812 nec
746 1736 766 1809 d
785 1738 929 1833 reliquis
944 1755 1064 1807 tamen
1082 1737 1189 1808 etiam
1209 1741 1329 1834 pagis,
1355 1739 1394 1812 δε
1412 1738 1602 1815 confoeder
1623 1743 1669 1817 tis
1687 1765 1778 1841 quos

464 1889 492 1931 „
512 1840 609 1910 omni
636 1860 757 1910 amore
782 1860 823 1907 ac
841 1835 1014 1907 charitate
1031 1832 1340 1931 complesiantur,
1366 1837 1442 1910 ullo
1461 1838 1572 1912 modo
1589 1767 1624 1913 122
1640 1839 1778 1939 separa·

464 1987 492 2029 „
511 1961 569 2027 re,
604 1938 690 2033 quin
719 1934 840 2031 potius
860 1931 924 2004 fibi
942 1929 1180 2004 constitutum
1199 1931 1268 2006 effe
1281 1935 1436 2028 juratam
1455 1935 1564 2024 fidem
1584 1937 1780 2015 &foedera

463 2084 490 2128 „
511 2037 628 2130 prisca
650 2033 754 2129 ipsis,
782 2032 880 2128 quod
897 2029 1024 2127 saepius
1038 2031 1115 2126 jam
1135 2030 1253 2104 testati
1271 2030 1426 2125 suerint,
1452 2057 1554 2131 aeque
1570 2058 1612 2108 ac
1630 2038 1777 2136 reliquia

459 2183 489 2226 „
508 2132 576 2205 suis
593 2130 872 2221 confoederatis,
900 2123 1037 2200 illibate
1055 2126 1212 2221 servare,
1238 2153 1305 2203 nec
1321 2129 1365 2203 ab
1383 2133 1425 2205 iis
1442 2129 1641 2208 discedere:
1661 2186 1688 2227 „

508 2240 540 2315 ς.
568 2229 696 2303 CVII.
731 2229 826 2300 Eum
860 2225 962 2299 fuisse
987 2245 1152 2322 tempore
1177 2226 1462 2303 Reformationis
1489 2229 1776 2310 sacrificulorum

460 2326 499 2402 &
527 2329 788 2419 monachorum
816 2348 976 2417 morem,
1011 2323 1220 2421 importune
1246 2326 1500 2421 utplurimum
1518 2326 1777 2424 disputationes

458 2423 481 2497 d
508 2427 652 2521 reliquis
678 2425 896 2520 efflagitare,
931 2442 1038 2518 atque
1064 2421 1232 2517 deinceps
1259 2420 1417 2518 oblatas,
1444 2444 1616 2520 quantum
1638 2429 1673 2500 in
1689 2427 1775 2524 ipfis

457 2544 535 2597 erat
562 2519 778 2608 detresiarc3
809 2522 976 2616 Eumque
993 2520 1244 2617 plerarumque
1263 2520 1563 2618 Disputationum
1582 2542 1661 2601 tum
1680 2545 1776 2602 tem·

457 2622 556 2717 poris
575 2618 815 2694 institutarum
836 2619 937 2692 fuisse
954 2637 1146 2710 eventum,
1163 2641 1206 2691 ut
1225 2617 1365 2691 tametfi
1382 2639 1547 2716 optatum
1559 2646 1633 2696 non
1642 2646 1774 2720 usque·

458 2742 599 2815 quaque
626 2718 789 2791 assecutae
808 2717 888 2791 sunt
905 2718 1078 2814 scopum,
1103 2734 1223 2789 tamen
1240 2716 1355 2790 ansam
1373 2715 1511 2813 semper
1528 2713 1772 2814 praebuerint,

457 2818 591 2914 aliquid
613 2817 733 2889 saltem
751 2817 807 2889 vel
826 2815 1038 2889 immutandi
1054 2813 1111 2885 vei
1125 2814 1354 2909 emendandi,
1375 2839 1552 2889 exeorum
1565 2836 1773 2913 temporum
1899 2900 1904 2903 ,

456 2916 623 2989 Historia
640 2917 773 3002 clarem
793 2915 1023 2997 Patuitidex
1035 2910 1371 3010 Disputationibus,
1390 2918 1567 3010 Lipfiaea‚
1585 2913 1773 3013 Tigurinis,

455 3015 626 3113 aliisque,
661 3011 826 3113 quinimo
854 3015 960 3087 etiam
987 3036 1033 3086 ex
1050 3031 1201 3109 utraque
1219 3014 1279 3086 illa
1295 3037 1376 3110 quae
1395 3015 1467 3087 hoc
1486 3038 1579 3088 anno
1602 3025 1706 3111 1526.
1731 3016 1772 3093 iu

457 3112 627 3187 Helvetia
654 3113 952 3205 instituebantur,
987 3111 1097 3200 altera
1122 3113 1268 3208 Badenst
1294 3114 1332 3187 δι
1350 3112 1460 3186 altera
1478 3115 1656 3205 Rhaerr‘ca,
1683 3137 1772 3209 qua·

457 3235 536 3285 rum
564 3213 622 3284 iila
648 3213 682 3284 d.
703 3236 789 3284 xix.
809 3212 904 3307 Maji
924 3210 1030 3305 hujus
1047 3211 1129 3282 anni
1149 3212 1185 3283 in
1203 3212 1395 3285 duodecim
1415 3234 1590 3311 pagorum
1611 3233 1772 3285 conven-

456 3325 497 3381 tu
515 3309 583 3383 fuit
602 3311 744 3402 habita,
772 3310 852 3381 haec
869 3304 956 3380 verb
974 3305 1037 3379 sub
1056 3308 1163 3404 hujus
1179 3314 1260 3381 anni
1280 3312 1499 3406 principium
1520 3306 1771 3403 IlantiiGriso·

455 3429 533 3476 num
560 3407 629 3479 five
647 3409 867 3480 Rhattorum
888 3404 956 3478 fuit
975 3403 1160 3496 instituta,
1186 3408 1289 3502 cujus
1306 3409 1493 3505 utriusque
1510 3405 1657 3478 brevem
1674 3401 1772 3477 sum·

456 3523 550 3573 mam
569 3521 610 3573 ut
630 3504 690 3576 hic
708 3528 929 3601 exponamus
948 3500 1084 3575 necesse
1103 3500 1167 3574 est.

504 3596 569 3668 Est
593 3602 757 3673 llantium
784 3603 972 3701 superioris
999 3600 1183 3691 Rhaetiae‚
1219 3596 1291 3673 five
1320 3604 1377 3692 (ut
1400 3597 1467 3685 tria
1484 3593 1570 3686 sunt¹
1583 3588 1769 3690 Rhaetica

455 3694 587 3768 Gentis
602 3696 776 3791 Foedera,
795 3687 909 3799 vusgo
919 3699 1213 3793 Drey÷Bundten,
1230 3699 1349 3772 Foedus
1358 3695 1510 3791 superius
1521 3691 1592 3775 five
1602 3693 1767 3792 Canum,

454 3797 572 3869 Foedus
590 3796 703 3867 doinus
722 3797 793 3870 Dei
809 3801 906 3895 quod
927 3796 1130 3895 Episcopus
1148 3794 1329 3870 Curienfis
1348 3793 1406 3865 ibi·
1418 3791 1566 3887 refidet,
1593 3794 1631 3868 &
1650 3798 1769 3883 Foedus

452 3896 558 3967 decem
566 3894 772 3991 judiciorum
792 3894 862 3970 sive
875 3895 1195 3990 Jurisdiuionum)
1215 3893 1402 3990 superioris
1413 3892 1443 3964 F
1445 3892 1576 3966 oederis
1589 3894 1766 3994 oppidum

452 4014 558 4094 atque
577 4013 699 4090 caput.
742 3992 786 4065 In
804 3993 894 4067 hanc
913 3998 1121 4164 civitatep,
1148 3992 1247 4090 quod
1265 4015 1305 4064 ea
1323 4013 1395 4065 non
1413 3987 1560 4066 foederis
1577 3992 1768 4166 supesriqris

1097 4115 1170 4187 pr.
1666 4094 1701 4166 ol
1723 4112 1781 4175 ,ιη’

495 4219 545 4295 (a)
569 4220 632 4284 vid.
651 4217 879 4300 Introdaostr.
897 4217 928 4281 in
945 4219 1024 4290 Hist.
1043 4217 1119 4293 Res.
1137 4217 1167 4299 §-
1179 4215 1331 4296 CXXV.
1347 4240 1378 4306 p.
1390 4230 1639 4301 3¹¹*····3¹5·

413 4346 416 4351 -
496 4303 549 4382 (b)
573 4301 821 4373 v.FUESSL.
839 4299 986 4372 Docum.
1003 4302 1041 4372 ad
1057 4301 1139 4372 Hist.
1156 4300 1231 4372 Res.
1248 4304 1350 4373 Hesr.
1366 4302 1467 4372 T-ss.
1485 4316 1599 4385 p304.
1642 4354 1647 4367 s
1750 4349 1762 4391 ,
