4442 5150
452 648 522 734 3⁶4
636 602 1510 706 maroniaavast'cstn
1592 621 1769 720 ame:

449 759 576 853 elesii,
602 784 669 833 nec
686 755 838 850 admissi,
869 756 1074 852 priusquam
1094 751 1202 826 fidem
1222 751 1340 846 suam,
1359 779 1426 849 pro
1444 752 1610 849 religiosa
1628 756 1762 826 immu-

450 859 602 930 nitatum
623 860 817 928 civicarum
837 852 1128 942 conservatione,
1141 847 1365 923 Consulibus
1384 851 1678 947 (quosSyndicos
1695 875 1764 923 vo·

451 946 1510 1140 {ll‘llllllll0‘¹bllsllllisllllllllllszll
1529 947 1765 1142 Piii‘i'i?

748 1103 756 1120 ·
1106 1096 1118 1135 a
1519 1095 1532 1132 r
1746 1084 1763 1105 ·

455 1150 592 1242 copale.
632 1144 852 1218 Doniinandi
881 1144 999 1231 vices,
1034 1141 1153 1214 divisis
1181 1143 1271 1213 inter
1290 1138 1602 1214 siemernoelem
1621 1145 1764 1237 operis,

454 1244 717 1315 alternabanrur
736 1239 908 1316 Consules
927 1239 1022 1309 inter
1040 1238 1077 1311 bt
1098 1238 1347 1334 Episcopum,
1373 1240 1476 1333 cujus
1492 1241 1550 1332 jus
1568 1262 1651 1311 cum
1669 1262 1763 1335 quo·

455 1339 543 1415 libet
564 1338 635 1411 sole
653 1337 864 1428 occidebat,
890 1359 962 1430 quo
982 1335 1132 1407 condito
1151 1359 1288 1406 merum
1308 1339 1344 1408 bt
1364 1338 1518 1406 mixtum
1542 1334 1766 1432 Imperium,

455 1436 625 1515 Ademari
655 1435 828 1532 Episcopi
848 1429 1085 1523 consessione,
1109 1432 1153 1504 ad
1173 1431 1346 1505 Consules
1364 1432 1502 1504 redibat
1520 1432 1557 1505 δε
1578 1435 1766 1510 Senatum.

455 1534 617 1628 Populus
641 1536 729 1630 quin
757 1534 863 1602 etiarn
889 1527 1108 1602 Genevensrs
1126 1526 1205 1601 suos
1226 1527 1289 1599 fibi
1307 1528 1445 1626 semper
1465 1529 1702 1625 Magistratus
1718 1533 1765 1606 li·

453 1628 617 1705 berrimis
636 1631 777 1702 creabat
794 1623 980 1723 suffragiis.
1024 1625 1110 1698 Nec
1129 1623 1200 1696 fine
1218 1625 1346 1722 populi
1365 1629 1402 1698 in
1420 1628 1582 1722 porticus
1599 1629 1686 1700 aedis
1704 1652 1766 1703 ca·

455 1728 623 1800 thedralis
641 1727 790 1824 publico
810 1724 912 1822 figno
929 1718 1046 1794 coasii
1063 1721 1255 1812 consensu,
1275 1723 1463 1819 Episcopo
1481 1723 1526 1798 de
1544 1724 1766 1822 rebusquie·

354 1850 356 1855 ·
455 1847 560 1918 quam
591 1825 738 1898 statuere
762 1823 905 1894 licebat.
947 1823 980 1891 A
1001 1821 1133 1891 Senatu
1151 1821 1361 1916 populoque
1377 1820 1543 1913 decreta,
1571 1841 1647 1896 rata
1663 1842 1780 1899 eraut·

455 1920 656 2018 Episcopo.
699 1919 858 1992 Publicis
879 1913 1116 1989 sanetionibus
1134 1916 1339 1990 Consularis
1357 1941 1461 2015 aeque
1478 1943 1520 1993 ac
1541 1918 1768 2017 Episcopalir

454 2017 645 2091 ausonias
671 2013 979 2113 praescribebatur.
1024 2014 1212 2111 Integrum
1239 2018 1326 2110 quin
1352 2019 1461 2088 etiam
1488 2036 1565 2089 erat
1590 2018 1687 2092 s.1’.
1706 2017 1765 2116 Q

456 2113 681 2206 Genevenfi,
716 2112 876 2207 quamvis
904 2106 1114 2182 inconsultis
1141 2110 1178 2184 &
1204 2111 1460 2186 relu6iantibus
1483 2114 1699 2211 Episcopiss
1725 2117 1765 2191 in

455 2213 571 2284 amica
596 2235 678 2283 cum
709 2208 936 2304 Principibus
962 2208 1000 2280 bt
1027 2204 1312 2301 Rebuspublicis
1339 2208 1477 2284 foedera
1502 2212 1624 2304 coire,
1648 2213 1768 2310 qualia

456 2309 494 2383 &
522 2330 602 2381 ante
628 2308 940 2383 Reformationem
968 2328 1051 2377 cum
1081 2303 1285 2380 Illustribus
1307 2307 1539 2382 Bernenfium
1557 2309 1595 2384 δι
1613 2308 1767 2385 Fribur·

456 2404 618 2504 genfium
638 2404 921 2502 Rebuspublicis
939 2401 1028 2496 iiia,
1055 2403 1116 2499 qui
1135 2424 1252 2478 certus
1273 2404 1475 2502 Majcstaris
1494 2407 1618 2482 index.

505 2505 671 2579 Mutatos
699 2506 819 2601 itaque
844 2505 880 2576 in
908 2501 1079 2574 Helvetia
1105 2501 1358 2597 vicinarum,
1393 2503 1607 2603 abrogatum
1632 2500 1767 2581 sacrifi·
1886 2502 1888 2508 ’

456 2602 554 2676 cium
579 2602 633 2694 (a).
657 2601 902 2691 Miilaticum,
938 2600 975 2673 ὃ(
1002 2599 1084 2672 alias
1110 2601 1317 2697 Religionis
1344 2623 1432 2677 tunc
1458 2603 1530 2677 latri
1547 2604 1769 2680 dominantis

455 2701 670 2797 appendices
689 2702 726 2774 S.
747 2702 787 2772 P.
808 2700 859 2792 Q.
886 2693 1105 2770 Genevenfis
1123 2719 1189 2769 nec
1208 2700 1420 2796 ignorabat,
1448 2724 1515 2774 nec
1533 2700 1700 2799 ignorare
1718 2702 1769 2775 ob

454 2799 647 2890 viciniam,
681 2796 840 2889 foedera,
871 2796 1088 2868 commercia
1107 2815 1261 2891 poterat.
1305 2799 1433 2870 Minus
1451 2819 1572 2873 autem
1590 2799 1771 2898 probaba-

455 2914 517 2969 tur
543 2897 603 2969 illa
630 2894 816 2967 innovatio
844 2890 1046 2965 Genevenfi
1072 2893 1236 2987 civitati,
1256 2891 1354 2991 ’quae
1379 2897 1497 2990 prisea
1517 2896 1769 2992 superstitione

458 2992 570 3064 Clero
599 2991 659 3062 suo
685 2993 913 3063 vehementer
937 3010 1012 3062 erat
1038 2987 1221 3083 obnoxia,
1249 2991 1286 3064 &
1312 2995 1490 3086 majorum
1514 2992 1630 3065 Sacris
1648 2990 1769 3067 affixa.

454 3087 743 3162 Rel'ormationis
769 3109 835 3159 nec
861 3085 1061 3177 necessitas,
1093 3106 1369 3184 quantacunque
1394 3089 1501 3160 etiam
1520 3088 1605 3162 esset
1624 3088 1769 3167 cleri&

455 3186 677 3276 reliquorum
702 3184 912 3279 corruptio,
938 3184 1226 3281 quandoquidem
1243 3184 1490 3282 superstitione
1508 3188 1545 3261 8(
1565 3186 1764 3282 flagitioso·

455 3307 536 3359 rum
558 3285 613 3374 (b)
642 3285 830 3355 hominum
856 3282 1009 3354 molello
1035 3284 1194 3377 pondere
1220 3302 1299 3356 tota
1324 3307 1427 3377 paene
1452 3282 1637 3357 fatiscebat
1657 3282 1767 3380 urbs,

456 3404 524 3455 nec
552 3404 697 3472 natura,
733 3405 798 3453 nec
816 3378 928 3455 causae
948 3401 1146 3475 compertae
1164 3400 1275 3453 erant.
1320 3378 1555 3478 ipsorumque
1571 3379 1769 3456 Reforma-

457 3498 601 3574 torum,
630 3479 782 3553 Lutlrcri
801 3504 841 3551 ac
860 3478 1036 3573 Zwinglii
1053 3502 1184 3551 nomen
1202 3477 1223 3549 a
1241 3478 1435 3551 Monachis
1453 3480 1687 3553 inclementer
1707 3482 1769 3554 ha·

455 3573 598 3666 bitum,
626 3573 701 3649 irnb
720 3574 926 3674 gravissimis
944 3574 1254 3647 criminationibus
1273 3574 1479 3671 proscissum
1500 3578 1650 3674 publico
1669 3578 1769 3649 labo·
1863 3613 1865 3617 ·

458 3673 557 3744 rabat
576 3674 683 3763 odio,
711 3676 826 3746 donec
848 3672 1079 3746 Bernensium
1099 3673 1206 3744 multi
1225 3672 1295 3746 hoc
1314 3675 1439 3746 eodem
1459 3699 1553 3746 anno
1576 3673 1691 3771 1528,
1732 3675 1772 3765 ui

460 3765 770 3842 {Reformatione
789 3773 905 3844 adbuc
923 3770 1108 3860 calebant,
1128 3769 1314 3843 Genevam
1334 3773 1441 3844 delati
1454 3773 1692 3853 animadversa
1705 3699 1772 3845 Ea·

459 3863 589 3963 gitiola
608 3865 874 3942 Canonicorum
894 3871 990 3963 vita,
1016 3867 1054 3941 ὃ(
1072 3866 1321 3965 superstitiosis
1339 3870 1454 3969 plebis
1474 3868 1771 4042 Genevepfisob·

1560 4054 1563 4058 ,
1634 3990 1769 4066 equus,

500 4096 551 4174 (a)
576 4090 748 4185 SPA'NH.
773 4098 794 4159 l.
812 4116 840 4159 c.
865 4102 1037 4182 pag.1526.

460 4274 488 4346 ³,
501 4180 552 4351 (p.)
579 4202 610 4244 ν.
628 4175 707 4261 Erus
720 4179 764 4247 rel
780 4187 925 4267 exempla
939 4184 957 4251 i
974 4180 1267 4255 SPANHEMIO
1282 4200 1536 4257 comentatus
1551 4189 1618 4255 lc.
1633 4203 1664 4271 p.
1675 4200 1773 4267 ¹52²·
