4442 5150
466 627 634 738 Antio,
797 623 1440 705 RuNo‘vu'rr.
1621 651 1776 720 -219

462 764 608 862 gravius
628 759 714 838 verb
734 762 890 836 medium
910 761 976 836 sese
993 785 1141 860 gerens,
1167 763 1413 837 conciliationi
1433 758 1605 837 studebat.
1646 760 1774 858 Quum

461 859 555 932 nihil
574 859 789 956 proficeret,
807 862 1021 958 reliquarum
1039 861 1144 932 etiam
1166 860 1369 933 Civitatum
1388 862 1497 958 legati
1515 870 1714 956 vocantur,
1734 865 1772 939 bt

463 954 638 1052 siquidem
664 982 739 1030 eam
767 956 963 1031 doctrinam
991 981 1053 1052 per
1079 958 1200 1029 omnia
1227 957 1404 1052 probent,
1429 955 1605 1031 abbionem
1624 958 1772 1035 foederis

460 1054 601 1126 institui
620 1055 818 1151 poliacum
837 1056 942 1152 ipsas,
961 1053 1167 1127 dicebatur:
1187 1054 1263 1146 illi,
1281 1055 1421 1126 nullum
1441 1055 1568 1127 habere
1585 1054 1619 1128 se
1634 1059 1710 1152 ejus
1720 1060 1772 1132 rei

459 1152 690 1244 mandatum,
724 1151 957 1248 respondent,
995 1152 1207 1246 &primam
1224 1171 1356 1248 urgent
1372 1150 1561 1223 actionem.
1602 1153 1771 1228 Tandem

460 1249 512 1320 ita
535 1249 749 1342 disceditur,
775 1269 817 1322 ut
834 1251 895 1346 qui
912 1247 1111 1321 dobbrinam
1131 1251 1221 1333 hanc
1240 1271 1382 1320 omnem
1403 1247 1566 1344 profiteri
1584 1250 1696 1323 velint
1714 1270 1770 1323 at·

460 1368 533 1442 que
553 1348 730 1442 recipere,
758 1347 798 1418 N
802 1350 1002 1444 oribergam
1023 1347 1166 1419 veniant
1185 1345 1228 1418 ad
1246 1345 1383 1417 sextum
1401 1347 1557 1438 Januarii
1574 1346 1668 1418 diem
1687 1348 1770 1421 anui

459 1443 636 1539 sequentis
663 1442 880 1517 deliberandi
907 1442 1029 1534 causa,
1055 1445 1141 1538 quid
1159 1443 1327 1538 deinceps
1343 1441 1521 1538 agendum
1543 1441 1596 1515 fit.
1635 1451 1770 1542 Argen·

460 1540 600 1636 titienses
627 1542 781 1633 interea,
805 1541 989 1614 muniendi
1007 1539 1057 1611 sui
1075 1539 1198 1630 causa,
1224 1536 1299 1635 qub
1317 1541 1390 1612 vim
1410 1539 1575 1635 injustam
1595 1536 1666 1614 ise
1683 1544 1771 1616 suis·

460 1659 531 1732 que
547 1639 788 1734 depellerent,
814 1663 896 1712 cum
917 1636 1105 1735 Tigurinis,
1129 1639 1356 1727 Bernatibus,
1382 1639 1635 1730 Bastlienstbus,
1654 1639 1717 1736 qui
1731 1639 1771 1715 &

459 1735 571 1806 vicini
593 1757 714 1828 erant,
740 1734 964 1831 &dogmate
982 1735 1095 1830 magis
1114 1733 1394 1825 conveniebant,
1422 1734 1560 1807 Foedus
1577 1733 1713 1808 faciunt
1732 1737 1771 1810 in

459 1831 557 1904 hunc
584 1833 745 1905 modum.
796 1884 823 1925 „
850 1834 888 1905 si
912 1829 1086 1903 doblrinae
1112 1828 1213 1904 eausa
1237 1831 1310 1902 vim
1338 1833 1538 1926 patiantur,
1573 1833 1652 1923 lrae,
1685 1855 1772 1928 quas

456 1981 486 2023 „
511 1930 688 2022 diximus,
707 1931 870 2003 civitates
888 1930 1020 2002 auxilia
1031 1930 1176 2002 mittant
1186 1950 1292 2026 atque
1301 1931 1445 2024 copias,
1464 1949 1610 2027 quantas
1620 1932 1769 2003 omniuo

457 2079 485 2123 „
511 2047 563 2100 res
591 2026 662 2123 ipsa
689 2027 891 2125 flagitabit,
918 2026 966 2100 fic
993 2047 1132 2119 tamen,
1158 2046 1199 2098 ut
1218 2029 1255 2100 in
1273 2027 1370 2098 mille
1391 2028 1549 2120 pedites,
1574 2050 1696 2100 aureos
1714 2027 1771 2102 bis

457 2176 486 2219 „
512 2126 610 2199 mille
628 2125 827 2199 menstruos
845 2126 932 2198 dent
951 2122 1248 2222 Argentinenses,
1274 2123 1358 2197 loeo
1377 2123 1541 2198 subsidii:
1569 2144 1716 2217 contra,
1743 2121 1772 2198 fi

456 2273 485 2314 „
511 2223 563 2295 vis
583 2221 664 2318 ipsis
684 2221 877 2315 inferatur,
899 2224 1097 2318 Argentina
1115 2222 1227 2294 nullas
1244 2222 1388 2315 quidem
1407 2224 1530 2318 copias
1547 2220 1771 2313 mittat,=sed

458 2370 484 2412 „
511 2341 573 2416 per
598 2320 681 2393 belli
710 2339 852 2415 tempus
878 2314 1067 2391 aureorum
1095 2319 1207 2391 millia
1234 2320 1302 2390 tria
1318 2317 1496 2390 menstrua
1514 2318 1770 2393 subministrem

455 2468 483 2510 „
511 2418 626 2510 Item,
661 2421 764 2513 cujus
791 2421 826 2489 in
853 2417 1010 2488 civitatis
1035 2414 1189 2508 finibus,
1215 2415 1418 2487 alterutrius
1443 2418 1553 2510 partis
1571 2413 1770 2495 hostesde·

455 2566 484 2608 „
510 2515 797 2611 prehendentur,
828 2537 901 2587 non
922 2513 1036 2587 ferant
1054 2511 1223 2611 impune,
1247 2510 1367 2586 sedeo
1386 2511 1470 2585 loco
1491 2511 1558 2587 fint
1575 2534 1682 2611 atque
1700 2535 1770 2587 nu·

455 2663 484 2705 „
510 2636 631 2704 mero,
661 2609 749 2683 sieut
767 2612 850 2686 belli
866 2614 925 2709 jus
943 2634 1049 2708 atque
1064 2613 1227 2709 gentium
1248 2609 1459 2705 praeseribit.
1487 2612 1525 2684 Si
1543 2612 1597 2685 vis
1615 2612 1687 2684 ulla
1705 2609 1771 2687 fiat

372 2752 377 2758 -
455 2760 484 2800 „
513 2707 613 2780 simul
632 2709 818 2802 omnibus,
836 2732 913 2783 tum
935 2709 1065 2806 singuli
1082 2707 1146 2782 suo
1163 2706 1307 2803 sumptu
1325 2730 1398 2780 rem
1413 2728 1561 2804 gerant,
1581 2709 1618 2782 &
1630 2706 1769 2781 hostem

456 2855 485 2898 „
514 2828 617 2901 quam
647 2805 845 2902 longissime
871 2807 1063 2905 depellant.
1107 2807 1328 2903 Argentina,
1362 2805 1519 2900 pulveris
1542 2805 1782 2877 tormentarii'

454 2955 483 2996 „
510 2902 613 2977 libras
640 2905 755 2978 decies
780 2905 901 2998 mille,
935 2904 1144 3003 Tigurum,
1178 2903 1216 2977 &
1242 2903 1412 2975 frumenti
1431 2902 1571 2975 modios
1588 2901 1767 2995 totidem,

453 3052 481 3095 „
508 3002 700 3097 Basileam,
720 3006 819 3100 pacis
837 3023 1022 3099 tempore,
1041 3000 1509 3101 quumeritopportunum,
1527 3002 1696 3075 mittant:
1719 3022 1768 3075 ex

453 3149 480 3192 „
505 3123 549 3171 eo
574 3123 693 3177 tameo
720 3101 810 3174 nihil
835 3099 1014 3192 sumatur,
1040 3099 1104 3173 niu
1128 3100 1213 3175 belli
1232 3120 1395 3200 tempore
1412 3100 1449 3175 &
1468 3119 1622 3199 urgente
1637 3095 1770 3174 inedia.

453 3249 480 3291 „
507 3199 617 3275 Tune
645 3200 735 3279 illud
764 3200 801 3272 in
826 3199 922 3273 cives
941 3200 1046 3271 liceat
1064 3198 1296 3291 distribuere,
1321 3195 1413 3271 futla
1430 3197 1666 3271 aestimatione
1683 3219 1767 3295 pre·
1844 3229 1847 3238 ¹

454 3346 480 3386 ,‚
510 3298 572 3386 rii,
592 3319 764 3396 quantum
785 3320 831 3369 ex
851 3319 956 3391 aequo
976 3294 1170 3381 videbitur.
1198 3297 1465 3388 Veruntamen,
1484 3293 1509 3369 sr
1527 3295 1662 3368 auxilio
1681 3316 1768 3390 pro·

455 3440 481 3480 „
508 3391 711 3469 ficiscuntur
739 3391 1090 3494 Argentinensrbus‚
1126 3394 1274 3491 pulvere
1299 3414 1467 3483 utantur,
1502 3411 1673 3489 quantum
1698 3388 1770 3463 erit

455 3536 483 3579 „
510 3511 619 3579 opus:
656 3495 692 3565 in
718 3493 903 3566 communi
928 3511 1046 3567 autem
1072 3492 1170 3565 bello
1196 3489 1380 3563 dimidiam
1401 3489 1507 3586 pretii
1527 3505 1663 3585 partem
1683 3507 1766 3580 per·

455 3635 483 3675 „
509 3582 657 3659 solvant.
676 3640 702 3679 „
752 3587 953 3665 Decretum
988 3586 1060 3661 fuit
1095 3591 1166 3663 boc
1193 3588 1314 3663 foedus
1340 3588 1377 3659 in
1402 3608 1511 3657 annos
1537 3581 1767 3682 quindecim,

453 3682 847 3782 Januariidiequinto.
1219 3745 1223 3752 ,
1337 3733 1343 3743 =

502 3779 539 3850 T
543 3803 603 3850 um
623 3780 709 3854 verb
726 3786 830 3857 etiam
851 3783 1056 3857 ulteriorem
1077 3779 1250 3856 Ecclesrae
1269 3779 1339 3853 suae
1356 3776 1669 3854 Reformationem
1687 3803 1765 3853 me·

451 3875 660 3951 ditabantur
687 3878 982 3957 ULMENSES
1002 3881 1075 3976 (a),
1112 3905 1193 3977 quae
1219 3900 1337 3951 tamen
1361 3882 1405 3951 A.
1421 3899 1524 3975 1531.
1550 3876 1694 3951 demum
1714 3875 1767 3949 est

452 3973 710 4072 perfectam),
744 3976 994 4078 saltemquod
1018 3979 1289 4149 adETigurinos
1314 3976 1494 4071 miserint,
1525 3977 1766 4146 petierintppp

468 4096 471 4102 ’
897 4085 904 4098 ‘
1100 4099 1169 4150 er.
1751 4092 1766 4144 t

493 4200 542 4278 (a)
567 4184 667 4265 Conf.
685 4220 757 4285 quas
774 4199 804 4284 b.
823 4178 1007 4275 LXXVII.
1033 4223 1100 4287 pag.
1115 4220 1185 4283 190.
1202 4202 1234 4268 se
1259 4223 1291 4287 q.
1315 4201 1386 4268 sunt
1401 4146 1492 4271 dieta.

493 4284 546 4367 lb)
563 4305 602 4348 u.
621 4282 959 4359 SECKENDORF.
984 4286 1056 4353 Lib.
1075 4288 1137 4356 111.
1161 4287 1192 4371 b.
1211 4222 1271 4355 Ill.
1295 4285 1426 4356 folmu
