4442 5150
501 631 569 734 ,rr
687 611 1563 706 tirsroruatvauotrrr
1644 617 1814 717 arne.

500 766 709 838 ulteriorem
726 758 988 833 ordinationem
1008 748 1131 845 paucis
1141 745 1372 841 quibusdam,
1391 748 1814 844 quitamenetiambrevi

502 861 585 960 post
602 861 743 959 prorsus
760 855 886 928 aboliti
904 850 1006 937 sunt,
1025 866 1067 918 ut
1085 847 1194 916 nullae
1214 844 1464 933 remanserint,
1483 845 1582 917 leriae
1599 848 1729 943 sacrae,
1746 854 1815 926 nifi

504 983 588 1057 qua:
615 962 650 1031 in
676 953 886 1030 memoriam
913 947 1023 1043 ipfius
1048 943 1187 1015 chriti
1212 965 1318 1039 atque
1335 942 1595 1015 beneficiorum
1615 970 1681 1042 per
1696 949 1816 1045 ipsum

502 1058 607 1131 nobis
624 1076 831 1151 parentum,
857 1048 1095 1120 celebrantur.

550 1155 637 1228 Erat
662 1155 735 1224 hoc
760 1170 924 1242 tempus,
949 1165 1024 1238 quo
1040 1141 1189 1233 Jacrrus
1206 1141 1385 1233 Ceporirrrrr
1402 1138 1453 1224 (a)
1473 1140 1511 1210 in
1527 1139 1616 1212 urbe
1633 1142 1818 1241 Tigurim

502 1256 565 1347 qui
592 1252 763 1324 Graeeam
790 1248 924 1343 pariter
949 1261 1057 1333 atque
1082 1237 1276 1308 Hebraeam
1305 1239 1464 1333 linguam
1482 1238 1631 1333 publice
1647 1265 1733 1314 cum
1751 1270 1816 1342 ap·

501 1347 630 1446 'plausu
647 1350 841 1433 docuerat,
859 1340 935 1413 fato
953 1338 1016 1409 luo
1033 1332 1271 1430 fungebatur:
1300 1335 1343 1405 ln
1360 1337 1435 1428 ejus
1452 1337 1573 1431 itaque
1589 1338 1714 1412 locum
1723 1365 1817 1438 quo·

506 1446 550 1519 ad
574 1443 827 1520 professionem
855 1439 1012 1530 Linguae
1030 1432 1202 1504 Hebraeae
1219 1429 1471 1526 surrogabatur
1488 1435 1560 1504 hoc
1576 1437 1705 1510 eodem
1722 1464 1817 1516 anno

508 1547 681 1617 Conradur
704 1530 1077 1616 PELLICANU83
1113 1528 1164 1601 Et
1187 1552 1389 1624 quanquam
1416 1532 1444 1600 is
1469 1531 1638 1626 equidem
1660 1541 1819 1614 tenuiter

506 1641 553 1714 de
577 1641 688 1713 semet
710 1636 785 1733 ipso
801 1632 1020 1729 judicando,
1045 1625 1222 1724 Zwinglii
1241 1628 1277 1699 ὅ(
1297 1629 1564 1723 Tigurinorum
1582 1633 1678 1715 votis
1694 1634 1729 1706 se
1745 1659 1819 1712 resa

504 1739 665 1834 pondere
692 1734 790 1831 polle
815 1757 888 1804 non
914 1727 1161 1816 existimaret,
1194 1743 1314 1796 tamen
1339 1730 1540 1797 amicorum
1567 1729 1819 1811 Bafiloenfium

506 1859 651 1931 quoque
675 1831 827 1906 consilio
853 1850 960 1920 atque
978 1824 1140 1919 inprimis
1158 1819 1254 1892 suasu
1271 1824 1396 1915 Jacobr'
1413 1825 1545 1914 Meyrrr'
1562 1828 1730 1903 Consulis
1746 1834 1819 1906 Ba-

508 1933 680 2020 sileensrs,
712 1933 773 2024 qui
791 1925 1009 1998 Pellicanum
1029 1922 1275 2014 maximopere
1291 1921 1454 2011 amabat,
1479 1920 1612 1996 fabium
1630 1925 1703 2020 est,
1728 1951 1771 2003 ut
1789 1933 1819 2008 ir

506 2031 689 2102 honestam
719 2029 808 2097 hanc
834 2021 1063 2092 vocationem
1082 2041 1154 2087 non
1173 2016 1407 2108 detredlaret,
1434 2020 1598 2116 inprimis
1613 2048 1725 2119 quum
1743 2047 1819 2102 tar.

505 2127 587 2199 dius
614 2127 730 2196 adhuc
749 2149 792 2194 eo
811 2141 974 2214 ternpore
992 2113 1187 2211 proliceret
1204 2114 1351 2186 Basileae
1369 2115 1658 2193 Reformationis
1674 2122 1819 2200 institu-

506 2246 610 2313 tum,
646 2225 682 2295 ὃ(
706 2221 777 2316 ipse
795 2221 889 2291 inter
904 2214 1028 2289 fratres
1046 2209 1286 2283 diffentientes
1304 2237 1377 2284 non
1393 2212 1472 2286 satis
1489 2236 1591 2290 tutus
1606 2217 1710 2294 effer:
1745 2224 1820 2298 Ti·

507 2345 639 2418 gurum
659 2340 701 2393 ut
719 2314 839 2406 venir,
866 2317 894 2388 is
915 2313 1029 2385 {latim
1048 2313 1237 2406 Zwr'nglii,
1262 2311 1406 2402 Itonia,
1430 2316 1603 2406 Myconii,
1620 2325 1819 2417 Anniani,

507 2424 652 2509 Collini,
687 2416 869 2513 Megandri
897 2413 933 2485 &
960 2409 1111 2483 aliorum
1139 2406 1279 2504 gavisus
1295 2409 1347 2480 est
1365 2411 1546 2504 amicitia,
1570 2413 1674 2511 seque
1688 2420 1761 2514 jam
1781 2422 1821 2494 iri

506 2519 646 2615 plenam
666 2514 858 2613 Evangelii
878 2512 1078 2584 libertatem
1097 2505 1262 2579 alsertum
1278 2505 1346 2580 effe
1364 2511 1597 2607 pervidebat,
1624 2515 1679 2588 uti
1695 2517 1725 2591 is
1741 2542 1817 2592 me-

507 2614 681 2687 morabile
700 2613 839 2709 prorsus
858 2610 912 2704 (b)
932 2603 1155 2681 Profellronis
1172 2604 1243 2677 luae
1261 2608 1450 2679 exordium
1469 2609 1590 2683 fecille
1605 2637 1647 2685 ea
1659 2608 1820 2690 occafioss

507 2736 583 2807 ne,
617 2713 714 2809 quod
741 2712 855 2807 prima
882 2709 934 2781 illi
959 2701 1145 2799 obtigisset
1172 2700 1302 2775 Leaio
1330 2705 1491 2780 habenda
1514 2708 1559 2779 ad
1586 2710 1710 2810 Caput
1727 2713 1821 2790 XV.

506 2810 652 2903 Exodi,
686 2810 896 2906 perhibetur
922 2806 1019 2877 hunc
1045 2803 1082 2872 in
1107 2802 1279 2873 modum:
1314 2804 1488 2893 „Gratia
1516 2808 1600 2894 Deo
1627 2836 1731 2904 meo,
1757 2816 1821 2910 qui

505 2942 533 2999 „
552 2934 610 2981 rne
627 2930 789 3001 ereptum
810 2930 854 2977 err
875 2903 1044 2999 AEgypto
1063 2901 1099 2972 ὃ(
1119 2898 1163 2969 ab
1182 2899 1405 2995 AEgyptiaea
1423 2905 1459 2975 bt
1473 2906 1650 2996 Papistica
1667 2914 1824 3004 captivi·

507 3057 535 3096 „
553 3027 647 3093 tate,
683 3005 770 3075 lecit
798 3002 943 3074 tranfire
967 3022 1063 3071 mare
1088 2998 1259 3087 rubrum,
1292 3020 1333 3069 ut
1359 3023 1454 3071 nunc
1472 3004 1561 3072 mibi
1580 3030 1663 3076 curn
1684 3007 1823 3083 Studiis

508 3155 535 3197 „
556 3102 661 3173 liceat
681 3126 805 3172 canere
824 3099 1005 3172 canticum
1026 3095 1114 3167 illud
1132 3092 1259 3165 sororis
1272 3095 1417 3191 Moyfi,
1437 3096 1611 3172 &dicere
1629 3129 1711 3174 cum
1759 3131 1823 3178 au·

508 3252 536 3290 „
553 3200 640 3272 dio:
678 3201 874 3271 Cantemus
903 3198 1086 3283 Domino,
1121 3191 1278 3288 gloriose
1304 3197 1398 3265 enim
1426 3195 1684 3269 honorificatus
1711 3129 1774 3270 ei.
1792 3256 1822 3295 „

508 3300 598 3373 Erat
615 3296 704 3371 verb
718 3300 792 3395 jam
814 3317 891 3368 tum
909 3317 1018 3368 annos
1037 3311 1139 3364 natus
1157 3289 1392 3389 quadraginta
1408 3290 1489 3385 lex,
1507 3292 1823 3391 quandoprimirm
1885 3313 1889 3318 ’

1693 3398 1823 3469 cucul-

551 3533 601 3609 (a)
629 3530 727 3595 Conf.
747 3529 893 3596 Miscell.
911 3527 1060 3612 Tigurin.
1082 3523 1187 3590 Tom.
1203 3524 1263 3589 lIl.
1288 3527 1343 3589 ubi
1359 3542 1430 3606 344.
1449 3524 1479 3590 dt
1495 3525 1564 3608 sqq.
1589 3528 1719 3593 brevem
1736 3529 1822 3593 Vita

509 3608 619 3691 Jacobr'
647 3617 792 3698 Ceparim'
817 3617 965 3677 babemus
990 3608 1254 3693 descriptionem
1287 3609 1547 3675 GESNERUS
1573 3614 1603 3675 in
1628 3613 1824 3679 Bibliotheca

506 3696 644 3758 eundern
662 3702 814 3786 appellat,
836 3699 951 3763 Virum
965 3696 1061 3760 tribus
1075 3694 1188 3777 linguis
1200 3691 1435 3772 dodiffimum,
1453 3711 1548 3776 atque
1560 3696 1696 3778 inprimis
1707 3699 1823 3761 Gram-

509 3780 654 3838 maricam
677 3800 745 3858 ejus
764 3783 904 3845 Graecam
919 3780 1146 3859 commendat,
1169 3795 1273 3858 neque
1290 3781 1392 3843 ullam
1407 3780 1500 3843 aliam
1517 3779 1548 3842 se
1565 3781 1674 3845 vidisse
1689 3782 1822 3866 fatetur,

508 3879 579 3944 quae
605 3876 687 3923 tanta
711 3864 876 3944 brevitate,
901 3886 979 3929 eum
1003 3866 1062 3928 alia
1087 3865 1201 3945 linguat
1228 3859 1350 3925 Graecae
1374 3865 1553 3928 rudimenta
1575 3880 1645 3929 turn
1669 3866 1823 3932 dialeiios

508 3964 619 4009 omues
646 3948 906 4027 comprehendat:
939 3949 1055 4015 Extant
1079 3947 1147 4028 ejus
1173 3964 1305 4028 qunque
1320 3949 1353 4008 in
1371 3944 1510 4027 Dionafii
1527 3950 1755 4036 descriptionem
1772 3974 1823 4010 or-

507 4030 571 4176 bsir,
597 4029 626 4093 ἃ
644 4027 673 4091 in
690 4030 784 4175 Agrari
794 4031 1018 4111 Aflroaomr'con
1027 4030 1146 4111 scholia
1160 4050 1238 4104 cum
1254 4030 1363 4097 iisdem
1378 4029 1558 4099 rudioribus
1576 4033 1737 4119 impreffu,
1758 4032 1821 4100 Ba·

522 4118 615 4178 rlearr
687 4158 694 4173 .
737 4159 743 4174 .
1767 4152 1769 4155 ·

505 4128 881 4352 D(b)1{iirll}llbll
904 4200 935 4264 irr
957 4199 1033 4267 Vita
1049 4199 1202 4283 Pellicani
1218 4199 1277 4267 fol.
1290 4220 1361 4286 141.
1385 4202 1416 4268 br
1434 4198 1684 4270 SCULTET.
1701 4199 1822 4269 Annal.

543 4303 590 4351 κ·
647 4300 749 4372 29²8·
790 4295 810 4361 5
813 4324 821 4343 ·
1129 4338 1134 4348 ·
1332 4333 1334 4338 ·
1500 4334 1508 4344 ·
1591 4307 1594 4314 ·
