4442 5150
455 641 531 718 424
679 612 1510 697 ntsronranvatsontttac.
1603 621 1774 727 nano.

459 754 504 824 tis
528 750 617 823 adeo
640 752 751 825 videri
769 750 1028 840 execrabilem,
1053 769 1095 819 ut
1111 748 1210 846 aegre
1229 749 1272 823 ad
1291 749 1490 825 Eccleliam
1510 750 1774 853 Evangelicam

458 849 528 943 illo„
541 870 681 921 retento
698 852 819 947 rigore
836 847 1016 919 transituri
1033 844 1155 918 essent.

464 976 472 985 ·
507 946 735 1039 Accedebat,
769 945 866 1041 quod
889 944 1095 1041 judicarent
1120 944 1181 1014 vix
1205 969 1245 1017 ac
1264 969 1308 1016 ne
1325 945 1388 1017 vix
1407 945 1552 1041 quidem
1572 949 1609 1019 in
1630 949 1773 1026 Helve-

459 1044 593 1115 tiorum
621 1044 827 1142 Republiea
851 1066 927 1113 eam
955 1039 1137 1132 obtineri,
1177 1045 1236 1113 vel
1263 1043 1448 1114 obtentam
1477 1047 1621 1117 retineri
1649 1046 1776 1144 pofl'e,

459 1142 541 1234 quia
567 1143 608 1213 ad
629 1139 1042 1215 excommunicationem
1061 1138 1232 1233 majorem
1253 1142 1486 1212 exercendam
1506 1145 1781 1239 requirerentur

459 1258 536 1309 tum
563 1240 720 1314 l’astores
748 1236 909 1333 inprimis
935 1235 1096 1325 cordati,
1123 1237 1184 1331 qui
1205 1258 1336 1330 praeter
1357 1238 1477 1309 Deum
1497 1236 1676 1313 neminem
1696 1267 1775 1319 me·

459 1354 588 1429 tuunt,
624 1340 659 1412 ἃ
680 1336 769 1410 nibil
784 1366 866 1405 rara
882 1355 1043 1419 anama·
1062 1330 1256 1403 l'ecundirm
1278 1334 1551 1428 propensionem
1569 1358 1708 1434 agunt,
1734 1342 1777 1420 &

459 1438 569 1528 parati
598 1433 665 1507 stnt
692 1460 758 1532 pro
787 1431 960 1503 Eccleliae
985 1429 1095 1500 salute
1123 1431 1230 1500 vitam
1259 1433 1296 1504 &
1323 1431 1525 1527 sanguinem
1550 1435 1775 1529 periclitari,

459 1550 535 1603 tum
564 1534 742 1630 populus,
777 1529 815 1602 dc
842 1530 879 1598 in
905 1528 1030 1600 eodem
1057 1528 1270 1620 imperantes
1297 1538 1400 1623 atque
1427 1554 1468 1600 ac
1495 1552 1681 1626 patentes,
1711 1538 1777 1633 qui

457 1628 604 1701 obedire
631 1633 669 1704 &
691 1634 822 1727 jugum
841 1624 935 1697 illud
953 1627 1028 1722 pati
1048 1624 1159 1695 velint
1179 1626 1216 1697 bc
1237 1626 1396 1710 valeant3
1426 1626 1574 1719 l'erbo,
1603 1634 1778 1731 Ambrofir'

459 1726 497 1800 δε
526 1724 713 1824 Tirenum,
748 1722 960 1811 mamilli&
987 1719 1087 1793 velut
1112 1742 1234 1794 nantes
1260 1723 1296 1793 in
1321 1725 1467 1820 gurgite
1494 1723 1606 1796 vallo.
1655 1728 1776 1804 Dein·

459 1846 544 1919 ceps
568 1830 780 1897 verebantur
800 1821 874 1911 (a),
900 1842 943 1889 ne
960 1819 1054 1912 apud
1072 1842 1133 1889 eos
1150 1820 1280 1915 quibus
1299 1844 1350 1891 res
1371 1822 1496 1893 iuna-c
1514 1825 1777 1903 committeba-

459 1940 542 2012 tur,
568 1921 673 1994 facile
692 1916 898 1992 dominandi
921 1915 1074 1986 studium
1095 1913 1321 2014 subreperet,
1349 1920 1385 1990 ὃ(
1405 1921 1487 1991 odia
1505 1923 1647 2015 privata
1664 1946 1777 2022 atque

458 2013 606 2090 effecius
640 2017 787 2113 maligni
814 2014 1029 2101 vincerent,
1073 2036 1154 2107 quae
1181 2038 1233 2085 res
1261 2015 1524 2088 Anticlrrillum
1554 2042 1776 2116 perpererat.

460 2114 675 2205 Addebam,
701 2112 798 2211 quod
817 2111 906 2182 olim
925 2133 978 2182 res
996 2109 1121 2181 isthaec
1139 2134 1211 2182 non
1230 2111 1398 2183 consensu
1420 2139 1640 2207 paucorum,
1659 2116 1718 2193 sod
1737 2122 1778 2196 in

458 2212 711 2285 Conventibus
731 2206 1011 2297 Ecclefiasticis,
1041 2205 1104 2279 sub
1122 2208 1338 2281 conscientia
1358 2212 1394 2283 &
1414 2208 1591 2310 suffragiis
1608 2213 1778 2293 fidelium

456 2307 585 2408 suscipi
605 2309 850 2402 consueverit,
879 2304 976 2405 quod
995 2305 1101 2378 hodie
1120 2308 1156 2378 in
1176 2307 1384 2403 Republica
1401 2309 1512 2381 libera
1528 2313 1631 2407 cujus
1651 2336 1776 2412 popu·

457 2409 513 2482 lus
540 2409 743 2503 dillolutior
770 2412 808 2486 bc
834 2409 949 2509 major
976 2429 1054 2503 pars
1080 2402 1341 2499 corruptilstma
1362 2410 1458 2498 erat,
1485 2406 1581 2480 fadlu
1597 2406 1776 2486 difficilli-

457 2532 558 2583 mum
584 2510 791 2584 videbatur:
821 2505 950 2602 Qtid?
976 2504 1098 2603 quod,
1126 2501 1150 2574 li
1170 2506 1301 2601 absque
1320 2507 1473 2601 partium
1493 2504 1610 2578 studio
1631 2508 1670 2584 δί
1689 2533 1777 2586 cot·

456 2629 587 2679 vorum
612 2612 693 2704 jure
718 2609 755 2684 δε
779 2605 1028 2681 columbarum
1049 2605 1177 2699 injuria
1194 2606 1381 2700 negotium
1402 2603 1516 2675 isthoc
1536 2607 1776 2704 procederet,

455 2700 1146 2799 &avati,‚lascivi,ebtios1,injusti,
1174 2703 1337 2797 tyranni,
1364 2700 1617 2794 soenetatores,
1644 2705 1775 2805 Magi·

455 2800 584 2877 stratus
602 2802 750 2878 subditis
768 2801 903 2897 iniqui,
928 2798 1195 2872 dominantibus
1214 2798 1400 2894 obliqui&
1412 2801 1660 2897 immorigeri,
1681 2804 1776 2880 hanc

455 2901 566 2972 aleam
587 2901 703 2976 subite
719 2899 912 2989 deberent,
933 2898 1053 2992 paucis
1071 2896 1217 2993 impune
1236 2896 1395 2969 futurum
1416 2895 1482 2969 else
1501 2897 1777 2980 arbitrarentur.

457 2998 530 3068 His
557 2996 813 3091 subjiciebant,
848 2996 945 3092 quod
973 2992 1169 3064 schismatis
1189 2995 1224 3064 in
1243 3018 1318 3091 rep.
1342 2994 1452 3067 libera
1471 2997 1670 3093 periculum
1689 2998 1776 3074 sub·

456 3090 565 3184 esset,
601 3097 704 3190 eujus
732 3112 831 3166 metu
858 3092 944 3165 olim
971 3092 1077 3161 etiam
1106 3095 1292 3186 Cyprianus
1310 3092 1545 3190 coepiscopos
1562 3093 1642 3168 suos
1660 3098 1776 3175 malos

455 3191 692 3287 toleraverit,
726 3196 871 3266 Irenaevs
897 3185 1085 3261 Vistotem
1111 3189 1360 3282 admonuerit,
1395 3212 1608 3289 temperaret
1635 3191 1702 3266 fibi
1729 3195 1774 3271 ab

454 3289 850 3364 Excommunicatione
877 3286 1142 3373 Orientalium,
1182 3289 1218 3362 &
1249 3287 1470 3385 Augustinus
1496 3292 1558 3364 diu
1584 3315 1668 3364 cum
1689 3293 1773 3366 Do-

454 3389 593 3463 natistis
614 3389 830 3463 Manicbaeis
850 3386 886 3460 &
905 3385 980 3458 aliis
999 3383 1227 3457 conllislatus
1247 3388 1283 3460 δι
1304 3389 1339 3457 in
1359 3388 1429 3459 hoc
1448 3391 1575 3482 praelio
1585 3409 1775 3467 veteranus

452 3489 580 3584 miles,
615 3487 733 3585 palstm
753 3487 971 3561 zizaniorum
992 3485 1216 3555 tolerantiam
1237 3482 1400 3571 suaserit,
1431 3486 1599 3584 Denique
1618 3488 1654 3558 in
1675 3489 1775 3562 Scri·

453 3608 580 3688 ptura,
602 3589 785 3679 dicebant,
804 3609 918 3684 pauca
933 3583 1146 3655 traditorum
1160 3582 1318 3673 Satanae,
1337 3581 1662 3657 dubiotraditionis
1678 3586 1774 3662 illius

453 3682 574 3776 ¹sensu,
594 3711 782 3762 occurrere
800 3682 985 3780 exempla,
1004 3703 1070 3752 nce
1082 3681 1215 3774 reliqua
1231 3705 1296 3775 pro
1306 3683 1686 3755 excommunicatione
1696 3708 1772 3758 ma·

451 3804 534 3874 jore
552 3782 701 3880 allegata
717 3787 797 3858 loca
811 3804 882 3857 tam
894 3780 987 3852 clara
997 3776 1063 3849 elle
1075 3802 1116 3849 ac
1127 3778 1270 3868 diserta,
1289 3799 1329 3849 ut
1340 3777 1434 3850 illam
1449 3778 1587 3878 liquido
1600 3780 1773 3876 probent;

456 3881 511 3951 uti
533 3881 615 3954 vere
635 3885 670 3955 in
689 3883 777 3957 locis
788 3879 969 3956 nonnullis
986 3875 1180 3970 assumptus
1192 3875 1251 3948 ille
1261 3875 1774 3976 rigotinauspicatbcellerat3

897 3979 928 4050 F
995 3978 1013 4049 l
1082 3975 1123 4046 N
1192 3975 1209 4046 l
1277 3975 1314 4047 S.
1616 4024 1776 4102 LEM·

501 4125 548 4212 (a)
568 4129 666 4196 Cous.
679 4125 822 4195 ARET.
840 4125 1002 4189 Problem.
1019 4120 1139 4186 Tbeol.
1158 4118 1241 4186 Loc.
1253 4118 1366 4186 CXII.
1386 4120 1536 4188 Rationes
1550 4122 1776 4191 illiuscunaa-

448 4215 547 4286 ,rioms
565 4218 595 4282 dt
612 4212 811 4280 verecundia
828 4210 859 4272 in
874 4207 1054 4273 revocanda
1070 4206 1225 4288 disciplina
1242 4205 1394 4270 severiore
1407 4208 1443 4270 ad
1455 4205 1775 4275 Ercommunicatio·

457 4319 530 4364 nem
558 4319 678 4382 nsque,
710 4293 791 4360 harad
816 4293 1007 4380 poeuitendas
1034 4290 1229 4375 cumulavit,
1261 4311 1338 4376 quas
1361 4309 1397 4356 et
1415 4293 1531 4361 eudem
1548 4292 1597 4358 hic
1614 4295 1705 4358 velut
1720 4314 1776 4382 per

456 4383 593 4452 laturam
609 4383 800 4448 exhibemus.
