4442 5150
693 636 1540 753 PR'AEFA'TIO.

464 828 770 975 personarum
808 814 1196 957 descriptionibus
1223 826 1273 917 in
1300 813 1465 960 quibus
1489 813 1596 957 ipsae
1619 814 1777 959 saepius

461 978 677 1089 minutiae
701 973 916 1068 animum
943 993 1043 1056 non
1069 957 1306 1060 delectant
1329 963 1516 1059 tantiam
1539 955 1618 1059 sed
1635 973 1681 1060 δι
1696 968 1775 1063 in-

464 1110 707 1232 formant,
747 1099 897 1207 abesse
924 1126 1174 1237 poterunt:
1440 1090 1446 1100 ⁶
1767 1194 1773 1201 ,

531 1246 786 1379 Quanmm
823 1242 884 1341 ad
919 1234 1165 1367 Historiam
1202 1236 1533 1338 Lutheranismi
1559 1239 1770 1367 adtinet,

462 1422 567 1486 non
611 1384 753 1485 semei
804 1379 864 1480 ad
911 1375 1185 1475 immortale
1233 1385 1366 1515 Opus
1414 1375 1775 1477 Seckendorfiaa

464 1561 610 1646 num,
660 1521 753 1621 five
790 1523 947 1658 prouti
984 1512 1103 1611 illud
1143 1511 1201 1612 ab
1236 1514 1402 1614 Illustri
1438 1521 1504 1619 V.
1544 1521 1619 1616 L.·
1642 1521 1774 1614 SEC-

460 1666 897 1762 KENDORFFIO
930 1651 995 1751 est
1020 1648 1282 1752 institutum
1297 1733 1312 1777 ‚
1352 1652 1445 1751 five
1469 1661 1629 1791 prouti
1652 1653 1774 1758 iilud

462 1806 494 1899 ax
532 1796 691 1898 Celeb.
720 1800 994 1897 FRICKIO
1023 1786 1290 1931 Theologo
1321 1790 1446 1891 dum·
1461 1791 1649 1915 vivebat
1674 1793 1772 1896 Ul-

461 1936 609 2038 mensi
657 1929 1022 2075 praestantiffimo
1073 1938 1259 2028 noviter
1309 1930 1374 2031 est
1420 1929 1772 2067 instauratum,

461 2081 514 2173 in
550 2082 890 2177 Germanicum
926 2071 1108 2170 idioma
1144 2067 1367 2193 versum,
1426 2086 1472 2171 δε
1510 2078 1561 2168 in
1600 2084 1774 2175 Anna-

461 2214 582 2314 lium
616 2214 825 2317 formam
860 2211 1131 2331 seranum,
1176 2216 1399 2310 Lectores
1425 2247 1556 2315 meos
1582 2210 1772 2343 remisr3

459 2386 571 2455 cum
634 2361 700 2454 Eo
763 2356 916 2490 magis
965 2345 1226 2488 perfodiam
1278 2380 1419 2489 atque
1467 2349 1774 2453 consumma-

446 2522 562 2596 tum
598 2494 674 2594 edi
710 2528 811 2594 non
842 2486 1004 2631 poffit3
1055 2495 1184 2588 Dum
1211 2494 1394 2590 interea
1418 2484 1622 2592 sollicita
1649 2527 1774 2631 quo-

456 2665 553 2772 que
586 2669 728 2756 cura,
778 2628 990 2769 quaedam
1030 2626 1088 2727 ab
1118 2627 1192 2727 his
1221 2632 1297 2729 vel
1323 2628 1653 2769 praetermissa,
1694 2633 1775 2732 vel

460 2805 568 2864 non
602 2778 673 2866 ita
706 2767 849 2900 piene
878 2767 1139 2905 explicata,
1182 2804 1373 2903 quaque
1401 2769 1459 2863 ad
1484 2767 1772 2893 Reformato-

455 2939 559 3004 rum
604 2908 657 3002 in
701 2909 959 3006 Germania
992 2900 1287 3037 Ecclessarum
1324 2907 1550 3040 Origines
1589 2898 1771 3040 speda-
1909 3007 1929 3042 ⁵

458 3037 613 3165 bant,
664 3039 958 3180 superaddidi
978 3095 992 3165 5
1043 3047 1162 3173 Qud
1203 3075 1311 3142 ante
1351 3048 1516 3143 onmia
1553 3040 1766 3170 faciunt,

460 3214 561 3318 quae
596 3179 655 3280 de
688 3180 904 3282 Ecclesris
935 3178 1088 3313 'Hasta
1122 3175 1356 3283 orientalis
1366 3261 1381 3307 ‚
1418 3179 1774 3316 Francosurtenfi

456 3319 519 3419 ad
553 3325 801 3445 Manum,
839 3318 1196 3454 Argentoraterfi
1208 3400 1222 3446 ,
1261 3311 1457 3453 Ulmdnst
1467 3401 1481 3444 ‚
1519 3321 1769 3420 Memmiu-

448 3453 599 3591 genst,
651 3471 697 3555 δε
737 3465 787 3557 in
827 3491 1029 3598 genere,
1068 3467 1274 3598 partium
1301 3459 1552 3557 Germanice
1563 3458 1768 3598 [τιμήο-

453 3633 595 3719 rum,
658 3633 715 3695 ex
748 3595 847 3697 fide
885 3600 1041 3738 dignis
1081 3606 1417 3730 Documento-
1433 3587 1728 3738 exposuimus
1745 3651 1764 3728 ς

457 3735 653 3969 Qtigpe
678 3735 924 3876 exquibus
950 3737 999 3835 id
1023 3775 1212 3878 quoque
1224 3729 1437 3838 enitescit
1450 3818 1464 3863 ‚
1494 3775 1660 3839 omnes
1676 3735 1763 3841 has

451 3878 546 3971 Ecc
568 3870 677 3972 esras
717 3875 777 3975 ad
815 3874 1123 3976 Helvetiorum
1160 3884 1312 4015 magis
1350 3915 1495 4019 quam
1530 3877 1768 3982 Saronico-¹

453 4049 556 4109 rum
590 4043 747 4150 partes
778 4010 1104 4154 propendiffe‚
1149 4045 1290 4156 atque
1317 4014 1538 4153 Za'iagiii
1561 4032 1608 4118 &
1632 4011 1767 4120 Oeen-⁶

450 4145 673 4290 lampadii
717 4149 955 4258 sententiis
1002 4155 1158 4352 pogius
1195 4194 1337 4298 qnam
1376 4155 1566 4259 ratheri
1602 4161 1769 4296 primd-

1125 4295 1151 4358 r

1633 4288 1764 4396 fasse
