4442 5150
378 633 587 729 -Arsza
782 620 1433 710 RENOV'AT'I.
1544 573 1575 637 g
1675 643 1737 721 στ’·

417 762 495 835 lum
514 745 704 830 acciderit:
738 747 920 822 diabolum
937 750 974 822 in
994 751 1064 824 hoc
1080 749 1148 823 ess‘e
1161 770 1305 846 totum,
1337 774 1379 828 ut
1396 780 1460 830 nos
1478 745 1642 855 plurimis
1658 748 1731 835 ca?

416 853 636 936 lumitatibus
662 846 843 920 involvat:
877 845 954 944 ipso
978 850 1147 920 nimirum
1173 851 1326 924 authore
1345 853 1383 926 ὅ(
1398 857 1600 929 Turcrcum
1618 849 1718 931 furo·

414 980 490 1029 rem
516 955 553 1024 in
577 971 643 1020 nos
667 944 776 1043 longe
804 943 943 1040 lateque
962 944 1126 1041 gmllari,
1161 946 1199 1019 dc
1217 945 1321 1019 fimul
1336 949 1496 1023 haercfim
1515 953 1614 1027 istam
1636 956 1718 1029 Lu·

416 1051 529 1141 theri,
563 1049 601 1119 in
626 1040 881 1132 Germaniam,
913 1039 1133 1114 fortillimam
1149 1064 1318 1140 gentem,
1345 1045 1518 1120 inved'tam
1535 1049 1623 1124 elle:
1658 1054 1717 1127 De

416 1152 554 1224 Turcae
583 1139 747 1241 potentia
767 1138 945 1210 neminem
970 1136 1038 1211 elle
1051 1139 1112 1236 qui
1131 1137 1297 1233 nesciat,
1316 1163 1447 1240 quanta
1462 1168 1502 1217 ea
1518 1144 1587 1240 -fir,
1620 1149 1658 1223 δι
1675 1170 1724 1224 ut·
1846 1225 1850 1235 ,

415 1242 564 1319 forrass'e
583 1236 752 1314 debellari
776 1232 903 1333 poflit,
935 1234 1049 1309 nihilo
1076 1256 1196 1309 tamen
1221 1232 1348 1311 melius
1372 1239 1555 1315 habituras
1577 1268 1630 1318 res
1648 1269 1717 1318 no-

417 1343 525 1434 stras,
550 1334 723 1436 quamdiu
738 1331 954 1406 domesticus
970 1332 1030 1405 ille
1046 1333 1157 1406 hostis
1172 1356 1245 1405 non
1265 1332 1307 1407 fit
1323 1350 1551 1436 expugnatus
1560 1367 1569 1413 τ
1602 1342 1726 1416 multa·

415 1439 476 1535 se,
509 1462 593 1511 cum
617 1431 703 1506 effer
727 1431 768 1501 in
790 1426 985 1526 Hispania,
1018 1430 1062 1504 de
1086 1428 1179 1503 fallis
1198 1430 1353 1506 Lutheri
1370 1434 1550 1534 dogmatis
1564 1437 1716 1513 audiss'e:

417 1540 456 1614 ὃς
474 1552 673 1636 quanquam
688 1525 750 1600 libi
767 1525 925 1618 doleret,
941 1525 1074 1600 malum
1091 1525 1180 1599 illud
1196 1529 1234 1600 in
1250 1548 1291 1601 ea
1307 1530 1454 1630 regione
1470 1552 1594 1607 natum
1613 1535 1715 1610 vide·

415 1636 470 1730 ri,
502 1631 597 1705 unde
649 1649 734 1701 enus
758 1621 831 1721 ipse
856 1622 1025 1716 duceret,
1059 1622 1195 1696 duabus
1221 1644 1341 1698 tamen
1365 1629 1470 1703 rebus
1494 1631 1653 1704 animum
1680 1632 1715 1707 se

416 1730 591 1806 confirma
620 1744 659 1798 e:
695 1722 876 1820 primum,
932 1717 1006 1792 uod
1032 1718 1230 1794 murinam
1256 1722 1352 1796 illam
1378 1724 1468 1799 adeo
1493 1726 1659 1803 frivolam
1677 1730 1718 1806 du

417 1830 563 1927 impiam
586 1822 740 1994 {ppraret
763 1816 785 1891 e*
811 1743 1001 1916 plaerllque
1016 1817 1184 1891 omnibus
1198 1839 1450 1919 contemptum
1468 1823 1534 1919 iri,
1565 1825 1716 1923 deinde,

415 1926 582 2100 dlllldeld
608 2016 741 2092 radices
764 2012 921 2087 adiutam
937 2013 975 2085 in
990 2033 1032 2086 ea
1045 2012 1216 2113 regione,
1251 2038 1335 2116 quae
1351 2018 1488 2118 {emper
1503 2023 1717 2120 procreasset

415 2117 606 2198 haeresium
620 2130 908 2214 oppugnatores:
934 2133 1045 2209 quum
1062 2128 1180 2184 autem
1198 2113 1306 2212 longe
1323 2114 1501 2190 diversum
1519 2121 1715 2217 acciderit,

418 2218 493 2293 five
511 2215 603 2312 iusto
618 2211 693 2288 Dei
723 2208 867 2300 udicio,
891 2207 965 2282 five
982 2206 1202 2309 negligentia
1219 2210 1393 2309 quadam,
1420 2214 1459 2288 δε
1476 2240 1625 2312 eorum,
1650 2217 1718 2317 qul

417 2333 558 2390 mature
589 2307 696 2385 consu
750 2330 771 2382 e
800 2305 1012 2400 debebant,
1035 2306 1206 2401 incuria,
1237 2306 1499 2406 providendum
1532 2313 1616 2414 iplis
1645 2305 1717 2392 eui

416 2432 656 2512 magnopere,
687 2425 755 2500 ne,
778 2403 864 2478 dum
882 2401 1012 2478 lentius
1027 2402 1145 2479 adhuc
1163 2404 1202 2481 δε
1217 2404 1398 2483 remiffius-
1473 2427 1536 2508 nt,
1567 2413 1723 2488 rideani-

413 2534 475 2587 rur
492 2512 530 2587 ὅ(
546 2507 654 2583 obliti·
666 2501 734 2580 esse
751 2500 910 2602 pristinae
926 2502 1093 2616 vitantis,
1126 2503 1164 2580 δε
1182 2503 1253 2581 hoc
1270 2500 1409 2585 tantum
1462 2511 1562 2589 cinus
1579 2524 1714 2617 appio-¹

410 2612 519 2687 bare:
552 2606 782 2681 vehementer
802 2619 919 2675 autem
945 2600 1016 2675 esse
1043 2600 1276 2699 indecorum,
1305 2625 1378 2682 tam
1405 2607 1536 2685 fortem
1563 2616 1602 2690 &
1621 2621 1712 2689 con·

412 2710 567 2783 stantem
591 2700 787 2799 populum,
819 2698 864 2772 ab
889 2721 931 2772 ea
945 2697 1142 2797 religione,
1175 2724 1283 2800 quam
1301 2702 1466 2777 Christus
1488 2709 1712 2807 &Apostoli

411 2801 660 2918 tradiderunt,
684 2817 792 2909 'quam
815 2815 873 2872 tot
898 2814 1069 2901 mamyrm
1092 2797 1328 2913 acpraeslari
1342 2798 1441 2912 virif,
1475 2827 1591 2974 piam
1605 2804 1724 2878 ariam

411 2892 1725 3104 annulllssnlldlirffaflzll‘slllllsssfnllnss

411 3096 517 3273 inl
531 3087 1718 3294 infirmius*

411 3295 518 3371 tantis
534 3288 880 3366 dodisma-tenebris
897 3249 1326 3391 immoranpermseritss
1338 3295 1436 3393 quad
1446 3296 1623 3395 ipseunus
1633 3318 1714 3370 tan·

394 3390 607 3466 'tummodo
626 3387 758 3499 sapiat,
789 3387 828 3463 8<
853 3387 897 3461 in
912 3389 984 3462 hoe
1002 3386 1044 3503 iit
1060 3390 1237 3464 excitatus
1254 3388 1278 3480 Ja'
1293 3393 1398 3504 Deo,
1427 3394 1600 3467 ut‘totius
1615 3392 1713 3504 orbis

410 3484 1117 3695 {annullllalffrlllla
1131 3484 1348 3658 ‘lars
1365 3487 1715 3685 salsurus
1817 3611 1821 3620 -

352 3749 355 3754 .
411 3681 578 3776 ventosa,
662 3682 867 3779 iquenovis
892 3682 1051 3780 imperiis
1067 3680 1231 3775 student,
1263 3685 1435 3755 maximas
1453 3682 1714 3760 indeoccafi'o·

410 3803 475 3854 nes
498 3706 658 3886 audenffl¹
668 3779 802 3878 aliquid
827 3799 990 3880 captare:
1027 3781 1088 3853 An
1108 3802 1182 3853 non
1200 3776 1344 3853 videant
1384 3780 1447 3853 uid
1462 3781 1551 3855 illis
1629 3803 1714 3878 ent,

411 3878 452 3954 ὃ(
477 3876 643 3976 quorsum
668 3878 860 3953 evadant?
895 3877 966 3950 lloc
992 3875 1105 3950 solum
1132 3875 1219 3975 agir,
1257 3896 1300 3951 ut
1324 3802 1386 3950 sud
1407 3876 1523 3977 specie
1558 3880 1716 3957 ibertatis

409 3971 657 4071 Christianae,
669 3978 729 4076 jus
746 3976 784 4051 &
803 3998 947 4076 aequum
967 3974 1005 4049 ὃς
1023 3974 1120 4072 leges
1137 3973 1274 4047 omneis
1290 3977 1501 4074 projiciant:
1529 3979 1715 4075 quomodo

410 4076 506 4147 enim
524 4074 670 4148 civilem
681 4069 1130 4175 magist-ratumagnoscant
1141 4069 1400 4168 &observent,
1417 4075 1479 4173 qui
1489 4072 1715 4151 sandillimo·

412 4192 494 4245 nrm
518 4170 739 4271 pontificum
758 4172 799 4251 δι
816 4168 1055 4249 conciliorum
1048 4169 1427 4342 deges-ignominiose
1444 4171 1613 4268 tradate,
1613 4176 1717 4345 113ἱιιηο

1119 4288 1139 4365 3
1663 4294 1715 4343 ω·

644 1935 778 2011 maret,
810 1914 970 2013 plantam
995 1913 1091 1988 illam
1118 1913 1343 2014 pestiferam,
1376 1920 1519 1998 aliunde
1544 1922 1718 2021 allatam,
1863 1913 1868 1923 '
