4442 5150
509 654 583 734 402
700 619 1577 706 rrrsronrnnvnnonrrr
1661 626 1833 727 nme.
1914 571 1917 574 ¹

512 785 645 861 magno
665 758 786 837 labore
803 781 930 835 terram
952 753 1104 831 sterilem
1124 753 1333 830 foecundam
1352 756 1594 830 reddiderunt.
1634 757 1677 830 In
1695 760 1833 857 exigua

514 862 736 1030 cognitiqnis
754 862 856 1028 lpce,
883 856 1302 1026 issfigiibpifflgoepeum
1321 856 1513 1024 coluerdunt
1524 858 1605 1023 s(a),
1623 855 1728 967 nullis
1748 881 1832 970 par·

514 977 635 1223 fiiij?
651 976 1072 1225 psallenter:
1106 971 1499 1149 olidissimis
1517 977 1597 1122 eli
1611 975 1833 1148 rilint:

514 1174 575 1225 ten
604 1177 650 1227 re
679 1173 753 1225 ent.
921 1200 925 1212 ·
1117 1194 1119 1199 ·
1527 1170 1531 1176 ·

562 1230 747 1341 Hi,'.cum
769 1243 1042 1340 intellexissent,
1069 1242 1248 1319 Ecclefias
1264 1245 1300 1316 in
1320 1244 1559 1319 Germania&
1572 1245 1745 1320 Helvetia
1758 1274 1835 1326 non

513 1367 644 1448 paucae
668 1347 737 1420 elle
765 1344 1017 1435 Reformatas,
1037 1343 1123 1414 boc
1142 1365 1244 1415 anno
1270 1343 1360 1416 duos
1385 1343 1547 1416 Pastores
1571 1351 1677 1441 (quos
1693 1349 1834 1422 Barbas

515 1447 665 1530 vocant)
693 1447 795 1518 Geor
825 1446 896 1515 ium
925 1439 1132 1513 Maurelum
1159 1441 1442 1537 Delphinatem,
1476 1441 1513 1514 δι
1540 1442 1688 1514 Petrum
1713 1444 1831 1518 Lato·

513 1564 616 1615 enum
643 1467 880 1639 Burgundum
910 1538 1078 1612 miserunt
1104 1538 1288 1631 Bernam,
1329 1537 1531 1629 Bafileam,
1567 1538 1833 1638 Argentinam,

514 1639 578 1715 ubi
597 1663 682 1712 curn
701 1638 907 1737 Theologis
924 1636 967 1708 de
984 1633 1148 1708 dudlrina
1165 1634 1392 1727 conferrent,
1417 1659 1501 1708 cum
1521 1636 1722 1709 Bettholdo
1738 1640 1832 1714 Hat.

400 1761 409 1767 “
514 1738 591 1810 lero
609 1740 752 1831 Bernfe,
778 1760 862 1810 cum
880 1737 938 1831 Jo.
953 1731 1241 1838 Oecolatnpadio
1259 1735 1421 1827 Baſsleae,
1439 1757 1524 1807 curn
1541 1733 1686 1814 Buceto
1704 1736 1743 1811 ὃ(
1757 1737 1833 1812 Ca-

512 1836 865 1932 pitoneArg'entinae.
1425 1864 1429 1872 ·

542 1933 839 2006 BASILEAM
866 1950 948 2002 curn
971 1925 1167 2021 venissent,
1191 1926 1344 2001 salutato
1362 1927 1673 2026 oecolampadio,
1699 1927 1834 2008 statum

514 2026 693 2101 Ecclesrae
710 2027 781 2100 suae
798 2026 1062 2124 exposuerunt,
1082 2027 1120 2099 ὅ(
1139 2025 1271 2123 quibus
1288 2026 1333 2098 de
1350 2028 1456 2100 rebus
1473 2027 1518 2100 ab
1536 2051 1580 2101 eo
1598 2029 1732 2102 vellent
1748 2052 1833 2105 etu-

513 2123 620 2218 diri,
642 2126 868 2216 indicarunt,
902 2125 1084 2198 Oratione
1102 2121 1341 2197 nervofissirna
1358 2125 1397 2200 dc
1415 2123 1570 2223 simplici
1587 2127 1722 2225 pietate
1739 2149 1833 2201 con·

514 2220 661 2319 spicue,
696 2247 802 2322 quam
829 2222 878 2296 ob
905 2224 955 2297 rei
975 2221 1183 2294 memoriam
1202 2245 1324 2318 operae
1344 2223 1499 2322 pretium
1515 2224 1759 2321 judicavimus
1776 2224 1838 2300 his

510 2320 718 2403 annalibus
748 2318 876 2395 nostris
902 2318 1077 2412 inserere,
1118 2318 1229 2393 rerba
1253 2320 1341 2393 licet
1367 2343 1440 2394 non
1466 2345 1591 2419 parum
1617 2319 1638 2394 d
1663 2321 1840 2397 Romana

401 2510 403 2516 A
511 2440 602 2493 cum
619 2419 826 2518 eloquentia
844 2439 921 2493 tum
940 2418 1117 2516 elegantia
1134 2416 1371 2491 abhorreant:

513 2511 521 2580 ἕ
556 2540 591 2613 ¹„
609 2519 716 2593 Salve
734 2521 783 2615 mi
803 2518 963 2593 Domine
979 2513 1455 2615 benedidleOecolarnpadi.
1483 2516 1583 2616 Quia
1600 2514 1724 2591 multis
1742 2513 1835 2592 refe·

514 2619 546 2711 q,
564 2618 725 2691 tentibus
751 2618 793 2692 ad
821 2615 955 2691 nostras
980 2638 1079 2688 aures
1105 2614 1334 2711 percrebuit,
1360 2617 1422 2712 qui
1441 2618 1560 2689 omnia
1577 2615 1720 2709 potest,
1747 2612 1835 2691 affe·

517 2764 545 2810 „
564 2711 649 2789 cisse
665 2734 701 2790 te
718 2714 967 2789 benedidlione
985 2713 1142 2810 Spiritus
1159 2711 1211 2785 sui
1221 2745 1234 2800 3
1255 2733 1296 2785 ut
1314 2712 1420 2787 facile
1438 2737 1483 2789 ex
1500 2708 1677 2786 frutribus
1692 2736 1836 2813 cogno·

516 2862 546 2905 „
563 2810 697 2903 scitum
726 2810 815 2888 Ideb
834 2811 855 2886 a
873 2811 1072 2907 longinqua
1088 2811 1237 2907 regione
1253 2812 1373 2884 animo
1390 2812 1619 2886 vehementer
1635 2809 1857 2888 exsultante·

515 2952 545 3003 „
563 2905 606 2983 ad
623 2931 659 2985 te
677 2913 860 3003 venimus,
878 2909 1053 3006 sperantes
1070 2926 1178 3003 atque
1186 2908 1342 2982 multum
1354 2908 1599 3002 confidentes,
1618 2907 1840 3007 praedidium

516 3054 545 3098 2,
565 3008 740 3101 Spiritum
759 3024 877 3104 perte
895 3030 960 3079 nos
979 3005 1201 3098 illuminare,
1228 3006 1486 3104 enucleateque
1503 3007 1639 3102 multa,
1664 3030 1747 3107 quae
1766 3030 1837 3080 no·

516 3152 546 3197 „
566 3102 645 3177 strae
671 3105 682 3176 i
712 3104 887 3177 norantiae
903 3127 944 3177 ac
962 3103 1123 3202 pigritiae
1142 3104 1252 3202 culpi
1271 3104 1350 3178 sunt
1367 3104 1471 3178 nobis
1488 3104 1681 3205 ambigua,
1705 3106 1839 3180 etiarn·

517 3253 546 3298 „
565 3226 635 3302 que
660 3127 856 3276 admodum
884 3200 999 3295 tetta,
1033 3201 1071 3276 ὅ(
1100 3201 1192 3296 hoc,
1227 3222 1269 3276 ut
1295 3199 1422 3297 valdes,
1456 3204 1592 3296 timeo,
1626 3203 1662 3275 in
1685 3224 1836 3302 gravem

512 3308 546 3399 '„
564 3298 700 3396 nostri,
721 3301 780 3394 dt,
801 3323 906 3398 quam
925 3319 997 3374 tam
1017 3298 1268 3398 insufficientes
1285 3302 1479 3396 docemus,
1497 3301 1612 3399 plebis
1625 3302 1838 3400 perniciem.

567 3453 594 3494 „
612 3398 942 3497 Quandoquidem,
976 3417 1019 3474 ut
1044 3424 1118 3474 rem
1147 3398 1253 3475 semol
1271 3402 1410 3496 capias,
1435 3400 1553 3474 sumus
1572 3399 1843 3497 qualescunque

509 3497 729 3593 „dodlores
746 3499 930 3595 cujusdam
953 3496 1067 3593 plebis
1086 3498 1219 3596 indigae
1231 3499 1268 3572 bt
1283 3496 1444 3593 pufillae:
1465 3522 1546 3595 quae
1558 3499 1632 3592 jam
1646 3499 1840 3596 plusquam

510 3627 546 3688 ·‚,
565 3600 812 3695 quadringentis
837 3605 933 3672 annis
960 3593 1093 3690 imbut
1112 3595 1318 3694 frequenter
1334 3596 1505 3670 nostrates
1521 3616 1686 3689 narrant,
1713 3594 1837 3669 drem-

510 3715 546 3786 ;,,
559 3715 638 3788 pore
671 3697 927 3794 Apostolorum,
969 3718 1043 3769 non
1074 3714 1224 3791 tamen,
1267 3714 1309 3768 ut
1335 3692 1441 3768 facile
1463 3692 1676 3794 judicarunt
1701 3693 1838 3806 quique

1715 3843 1742 3886 n
1761 3815 1840 3889 P¹¹t

561 3954 611 4036 (a)
630 3952 711 4020 Hac
727 3960 833 4025 omnia
849 3981 886 4026 ex
897 3958 988 4025 netis
996 3958 1183 4043 Martyrum
1195 3954 1659 4025 enarravitSCULTETUS
1674 3955 1704 4019 in
1716 3954 1844 4020 Annal.

519 4039 587 4105 dec.
602 4040 643 4105 ll.
662 4061 691 4123 p.
704 4060 774 4120 294.
787 4044 891 4127 &seq
909 4045 1048 4128 quidcex
1062 4045 1202 4128 reliquiis
1212 4043 1414 4109 Bibliotheca
1425 4041 1740 4124 Oecolampadianae,
1757 4059 1839 4105 curn

518 4123 708 4192 Sermonem
725 4125 950 4193 Waldensrnm
976 4150 994 4194 a
1017 4151 1047 4215 p.
1063 4130 1313 4213 295—306.
1342 4143 1413 4194 turn
1429 4129 1574 4212 scriptam
1591 4124 1752 4191 Oecolam
1775 4124 1845 4189 adii

515 4209 556 4273 ad
579 4229 633 4278 eos
657 4210 832 4297 Epistolam
856 4210 1406 4302 Responsoriamp.306÷-315.
1438 4212 1620 4281 Annalibus
1631 4207 1718 4278 seis’
1773 4207 1842 4276 tuit

515 4309 610 4382 atque
628 4297 786 4367 aeternitati
801 4296 1011 4365 consecrarit.
1078 4339 1081 4344 -
1762 4319 1767 4330 ·
