4442 5150
461 591 630 691 ΛΑΜ.
794 587 834 663 R
882 588 915 663 E
964 585 1006 662 N
1056 586 1094 662 0
1143 585 1182 663 V
1231 589 1264 664 Α
1313 591 1351 667 Τ
1402 592 1441 666 Ι.·
1697 622 1767 700 253
1808 684 1825 719 Ι

456 742 610 896 ἷξετὲηῑ
620 754 632 810 5
661 717 780 817 Ipsum
799 717 887 793 veto
907 717 994 791 iliud
1008 717 1233 794 Coenobium
1252 745 1324 795 non
1342 742 1424 797 aute
1443 723 1489 797 A.
1504 731 1608 822 1529'.
1634 723 1684 798 est
1701 726 1764 801 de·

489 846 532 897 tu
573 844 647 894 um.

505 918 715 1006 Caeterum,
742 916 838 988 circa
856 913 962 987 finem
980 913 1062 985 anni
1081 911 1241 987 vicesimi
1258 918 1357 990 tertii
1377 942 1499 991 rumor
1519 920 1554 992 in
1572 921 1767 999 Germania

455 1011 1768 1214 tssgtssitfflntiiiiiida.idedu3¹53⁶1¹¹3n53¹335522325

455 1213 575 1312 giouis
602 1210 756 1308 purioris
782 1207 849 1280 esse
878 1205 1081 1279 studiosum.
1126 1206 1430 1283 LUTHERUS
1459 1213 1519 1306 qui
1547 1212 1583 1284 id
1605 1238 1649 1285 ex
1669 1214 1765 1288 Eue·

456 1308 593 1382 mondo
612 1305 754 1400 C'odio,
775 1304 884 1378 Gallo
902 1306 974 1399 (a),
1001 1303 1138 1400 Equite
1151 1328 1272 1379 aurato
1292 1329 1520 1405 perceperat,
1538 1309 1635 1382 nulla
1654 1312 1764 1385 intet-

455 1405 571 1505 postta
598 1429 721 1495 mora,
737 1402 789 1492 ‘ad
808 1403 920 1496 ipsum
941 1401 1142 1475 Sabaudum
1161 1402 1243 1474 dare
1262 1405 1375 1477 literas
1395 1407 1473 1501 (b),
1499 1430 1646 1502 quarum
1666 1407 1765 1482 clau·

395 1520 408 1534 ‘
452 1503 526 1579 sula
545 1504 581 1578 &
601 1501 695 1578 leciu
714 1497 911 1598 digniffima
928 1498 1001 1593 est,
1022 1501 1059 1572 ὃ(
1076 1497 1286 1594 singularem
1307 1501 1459 1575 Lutheri
1479 1503 1626 1581 testatur
1643 1504 1763 1578 servo·

453 1625 550 1676 tem:
577 1652 605 1694 ‚,
626 1596 749 1672 Macte
766 1620 875 1695 ergo,
896 1597 1066 1691 Princeps
1085 1595 1336 1690 illustrissime,
1355 1601 1392 1674 St
1408 1601 1527 1674 Heros
1544 1601 1763 1699 genetofiffi·

454 1751 483 1796 ‚,
507 1723 586 1789 me,
621 1696 747 1770 suscita
772 1719 847 1768 eam
871 1717 952 1790 quae
971 1695 1008 1764 in
1027 1715 1064 1765 te
1080 1696 1199 1791 coepit
1215 1697 1335 1768 ardere
1352 1697 1564 1790 scintillam,
1590 1701 1627 1774 ἃ
1647 1699 1703 1774 fac
1722 1723 1765 1777 ut

455 1849 484 1892 ‚,
503 1797 597 1894 ignis
620 1793 824 1892 egrediatur
841 1791 884 1864 de
902 1792 1011 1862 domo
1032 1790 1241 1883 Sabaudiae,
1267 1817 1334 1865 ceu
1352 1796 1396 1867 de
1413 1797 1525 1869 domo
1541 1798 1697 1893 Joseph,
1724 1801 1764 1876 δι
1802 1799 1804 1803 ’

454 1947 482 1990 ,,
504 1895 545 1966 stt
571 1895 604 1966 ei
632 1912 708 1964 tota
734 1890 855 1963 Gallia
873 1887 969 1986 quast
991 1888 1137 1984 stipula,
1166 1890 1202 1963 ὅ(
1222 1889 1341 1963 ardeat
1358 1891 1513 1966 sancium
1532 1895 1620 1966 illud
1640 1898 1763 1969 incen-

453 1991 597 2088 „dium
627 1987 785 2079 Christi,
821 1989 894 2058 imo
922 1985 1070 2082 flagret,
1096 2007 1138 2058 ut
1156 1985 1238 2060 vere
1257 1989 1398 2062 taudem
1418 1992 1566 2065 Francia
1611 1991 1763 2067 offredi·

453 2143 481 2186 „
500 2092 533 2163 ci
559 2087 603 2160 ab
629 2086 830 2183 Evangelio
858 2107 1009 2180 regnum
1034 2082 1391 2181 Christianisstmum,
1418 2088 1516 2184 quod
1535 2016 1701 2163 hedenus
1718 2091 1765 2167 ab
1791 2117 1799 2128 ·

452 2185 615 2282 „impio
643 2187 679 2256 in
708 2181 992 2273 Antichristum,
1027 2206 1093 2279 pro
1122 2203 1176 2255 tet
1191 2179 1341 2257 effusum
1359 2184 1587 2284 sanguinem,
1615 2186 1762 2282 officio,
1837 2266 1840 2271 ,

453 2282 548 2380 „im
579 2280 613 2355 ie
638 2279 775 2355 distum
803 2277 854 2352 est
881 2278 1072 2351 Christiani
1100 2303 1236 2373 rmum,
1271 2283 1401 2354 Amen.
1445 2284 1626 2357 Dominus
1642 2306 1763 2361 autem

453 2435 480 2478 „
497 2308 594 2477 Jedis
623 2377 786 2453 Christus
815 2376 930 2449 srbilet
959 2377 1097 2472 Spiritu
1124 2376 1186 2450 suo
1213 2378 1249 2451 in
1268 2400 1452 2452 cortuum
1474 2381 1510 2454 δι
1531 2400 1697 2475 tuorum,
1721 2403 1765 2459 ut

452 2533 479 2577 „
499 2479 636 2553 faciatis
654 2478 773 2547 omnia
790 2498 869 2570 quae
887 2474 929 2546 ad
948 2474 1100 2571 gloriam
1119 2471 1225 2547 sensti
1242 2474 1293 2548 sui
1307 2477 1406 2549 verbi
1422 2477 1576 2570 faciant,
1596 2481 1762 2577 Amen„

452 2581 594 2653 Interea
621 2595 738 2646 tamen
765 2596 846 2645 eum
873 2596 1050 2645 rumorem
1078 2595 1152 2644 non
1178 2596 1223 2643 ex
1249 2597 1344 2674 vero
1362 2571 1486 2669 fuiffe,
1522 2578 1634 2652 multa
1659 2579 1766 2677 sunt,

455 2699 536 2774 quae
556 2672 698 2746 credere
714 2669 841 2766 jubent
860 2695 955 2741 nunc
974 2693 1047 2741 non
1064 2667 1296 2743 evisceranda.

503 2771 573 2846 Sed
605 2767 700 2866 apud
735 2767 1082 2840 BIENNENSES
1119 2786 1195 2839 tum
1227 2791 1370 2864 quoquc
1396 2764 1536 2844 Thomas
1563 2773 1762 2847 thenba·
1861 2825 1866 2832 ι

452 2874 545 2947 chius
563 2869 640 2963 (c),
675 2867 735 2965 qui
764 2866 871 2961 paulo
897 2886 978 2937 ante
1005 2863 1092 2936 illuc
1120 2862 1254 2937 Basrlea
1279 2886 1450 2940 evocatus
1469 2887 1563 2960 erat,
1592 2868 1761 2968 Evange·

453 2971 492 3044 lii
519 2968 705 3066 negotium
734 2962 906 3055 confilio,
940 2958 1123 3052 doeirina,
1158 2963 1325 3061 exemplo
1346 2963 1484 3037 strenue
1502 2966 1765 3065 promovebat,

372 3145 374 3149 ,
451 3068 612 3143 adversus
633 3067 720 3139 vitae
740 3059 945 3134 monasticae
964 3060 1179 3132 coelibatum
1196 3062 1345 3158 ejusque
1363 3063 1628 3159 impuritatem,
1655 3091 1762 3162 quam

451 3166 600 3240 honesto
629 3161 858 3236 matrimonio
885 3156 1145 3253 praeferebant,
1178 3157 1442 3257 depugnand03
1470 3158 1581 3260 porro
1599 3163 1765 3239 adversus

452 3264 598 3337 Miffam
626 3263 824 3358 privatam,
859 3258 1016 3352 itemque
1041 3255 1201 3329 adversus
1230 3257 1351 3345 Missas
1370 3257 1650 3354 prodeuntis,
1676 3285 1762 3335 cum

451 3363 481 3434 is
503 3362 650 3433 doceret
673 3355 944 3429 Miffnsnemini
965 3351 1029 3425 nist
1049 3356 1330 3429 communicanti
1350 3360 1386 3430 &
1406 3356 1476 3428 fide
1495 3356 1645 3428 sumenti
1664 3356 1763 3452 poffe

453 3456 520 3527 effe
546 3455 748 3551 proficuam
785 3453 884 3524 Nam
915 3453 952 3524 δε
979 3452 1130 3548 proprio
1156 3452 1346 3546 exemplo,
1381 3450 1552 3546 proveeta
1577 3452 1663 3522 licet
1685 3454 1762 3547 jam

453 3550 538 3624 effet
565 3569 692 3641 aetate,
728 3551 764 3621 in
790 3548 949 3621 ducenda
966 3570 1079 3619 uxore
1098 3548 1241 3643 reliquis
1261 3546 1512 3621 Sacerdotibus
1531 3546 1592 3641 qui
1610 3569 1761 3625 numero

452 3648 587 3748 septem
611 3647 703 3718 idem
721 3645 831 3720 secuti
851 3649 1043 3737 dicuntur,
1067 3645 1104 3813 ps·
1118 3644 1171 3737 (d)
1200 3646 1350 3741 praeibat
1369 3663 1582 3739 ann01524.
1607 3667 1689 3742 quae
1708 3673 1762 3821 rgo

1094 3766 1106 3812 1
1667 3769 1763 3819 mu-

496 3852 545 3933 (ει)
566 3849 595 3912 Is
614 3846 656 3911 A.
670 3845 763 3920 1526.
785 3846 869 3913 diem
885 3848 959 3912 obiit
975 3763 1176 3930 supremudr,
1199 3840 1507 3910 truttmunt.
1532 3843 1622 3911 T.·1.
1646 3848 1764 3935 p.183.

495 3938 547 4017 (b)
574 3954 603 3995 v.
630 3926 848 3995 LUTHER.
873 3929 1037 4015 Epistolar.
1060 3928 1106 3993 T.
1125 3930 1168 3994 ΙΙ.
1192 3926 1411 4007 fol.156fol.
1429 3927 1475 4013 sq.
1505 3928 1577 3995 sunt
1593 3935 1700 3999 autem
1716 3956 1765 4000 ear.
1823 3970 1826 3975 ·

453 4022 530 4087 datae
549 4019 579 4082 d.
598 4033 627 4095 7·
646 4013 820 4095 septembr.
834 4031 924 4094 1523.

495 4107 545 4185 (c)
571 4102 633 4164 vid.
653 4099 691 4161 de
710 4095 778 4171 EO,
804 4097 921 4158 Introd.
939 4098 1028 4179 nostr.
1053 4120 1082 4181 p.
1096 4114 1169 4159 100.

455 4177 958 4351 Nutnttitffuattt.
976 4178 1696 4352 §triseiddttiffiaiddffi:
1711 4206 1772 4351 ἕξ.
