4442 5150
451 635 520 711 ³72
635 584 1503 681 ursronranvannntrr
1586 599 1758 700 nnn:

449 740 539 814 nulli
558 737 675 826 cives,
701 733 829 829 quibus
847 749 920 804 erat
939 725 1142 800 mandatum
1160 747 1201 798 ut
1219 751 1283 823 per
1296 727 1420 800 urbem
1437 729 1693 825 circumirent,
1711 757 1756 804 ac

372 847 375 853 '
450 837 556 910 rebus
583 833 747 906 omnbus
775 828 1025 926 providerent,
1060 826 1096 894 in
1124 826 1301 920 templum
1321 828 1528 918 primarium
1547 826 1758 903 ascendunt.

453 933 512 1006 Ex
533 933 574 1002 iis
592 928 756 1026 quidam,
781 922 875 995 hasta
891 922 949 994 sua
968 921 1115 992 statuam
1134 921 1284 1017 alicujus
1304 922 1394 993 Divi
1414 923 1576 1015 revellit,
1597 923 1645 997 src
1663 927 1765 999 utin

453 1047 580 1099 terram
609 1022 766 1117 delapsa,
800 1017 1109 1112 confringeretur:
1146 1018 1212 1089 hac
1240 1038 1357 1090 nutem
1381 1017 1620 1092 occafionein
1639 1022 1763 1118 plures

455 1124 580 1195 deinde
607 1143 727 1193 manus
746 1119 925 1208 injicitur:
955 1119 1158 1185 interventu
1176 1111 1262 1186 verb
1280 1114 1545 1207 sacrificorum,
1571 1119 1634 1213 qui
1653 1119 1690 1191 id
1709 1144 1762 1190 ae·

456 1217 521 1316 gre
548 1217 727 1306 ferebant,
762 1215 814 1284 illi
841 1237 884 1284 ne
906 1211 1060 1282 mandati
1079 1207 1167 1282 fines
1186 1213 1431 1304 praeterirent,
1457 1215 1591 1285 nullam
1610 1236 1770 1290 movent·

456 1316 663 1409 ampliorem
684 1313 819 1393 rixam;
848 1310 884 1382 bt
903 1307 1045 1379 abeunt.
1071 1305 1198 1397 Quum
1217 1309 1294 1402 ejus
1311 1311 1360 1380 rei
1377 1311 1522 1381 nuntius
1538 1309 1622 1383 effet
1640 1311 1685 1384 ad
1704 1317 1759 1385 ci-

456 1435 517 1486 ves
545 1413 579 1480 in
606 1409 723 1480 forum
745 1407 904 1497 delatus,
931 1405 967 1476 ὅ(
985 1404 1125 1501 plenior
1143 1403 1285 1495 multo,
1311 1403 1417 1500 qualm
1437 1430 1490 1479 res
1509 1407 1581 1502 ipsa
1599 1407 1768 1505 ferebat,

455 1509 499 1582 ad
519 1506 691 1601 templum
712 1503 732 1576 ὁ
751 1501 900 1597 vestigio
919 1502 1115 1573 mittuntur
1132 1502 1256 1573 armati
1274 1521 1496 1594 tercentum,
1514 1524 1554 1575 ut
1574 1504 1642 1577 illis
1651 1530 1761 1602 opem

456 1604 608 1677 ferrent:
645 1626 724 1674 narn
752 1597 818 1673 effe
844 1603 879 1670 in
906 1595 1076 1694 angustiis
1103 1616 1209 1693 atque
1234 1599 1396 1691 periculo
1414 1600 1637 1673 dicebantur.
1681 1603 1762 1677 Ubi

456 1722 603 1774 ventum
631 1699 680 1770 est
698 1696 765 1788 eb,
787 1698 861 1792 jam
880 1695 932 1766 illi
950 1692 1185 1767 discesserant.
1229 1695 1293 1767 Ne
1309 1692 1398 1768 verb
1413 1694 1542 1768 frustra
1558 1698 1646 1771 illuc
1665 1700 1761 1773 itum

456 1797 562 1888 effet,
598 1795 694 1867 idola
710 1794 768 1865 seu
789 1794 914 1863 statuas
933 1792 982 1862 ibi
1000 1810 1154 1886 repertas
1171 1792 1434 1884 demoliuntur,
1462 1794 1499 1866 &
1517 1795 1688 1893 progreffi
1705 1821 1763 1871 re·

458 1895 566 1991 liquis
593 1894 628 1964 in
648 1890 790 1984 templis
807 1888 899 1959 idem
919 1884 1067 1959 faciunt.
1111 1887 1168 1962 lbi
1188 1908 1264 1961 tum
1284 1886 1305 1962 ἐ
1322 1891 1457 1964 Senatu
1472 1891 1616 1987 quidam
1634 1915 1763 1968 accur·

458 2011 566 2079 runt,
592 1986 731 2060 sedandi
749 2004 868 2056 motus
886 1982 996 2055 causa.
1023 1984 1132 2057 Cives
1145 1986 1317 2059 autemad
1331 1986 1433 2079 illos,
1459 2040 1486 2081 „
1505 1988 1773 2080 Quodvostoo

459 2104 583 2180 „tum
605 2086 680 2178 jam
700 2082 889 2154 triennium
907 2079 1130 2174 deliberatis,
1155 2105 1199 2154 an
1217 2081 1294 2156 fieri
1313 2082 1463 2177 debeat,
1488 2085 1576 2158 illud
1593 2107 1679 2179 nos,
1704 2088 1765 2161 in·

460 2234 487 2276 ,‚
507 2183 657 2278 quiunt,
675 2202 743 2251 una
761 2176 985 2274 perficiemus
1003 2177 1112 2270 hora,
1130 2201 1176 2253 ne
1193 2199 1342 2276 propter
1359 2180 1454 2256 idola
1473 2180 1517 2256 fit
1531 2183 1645 2256 ullum
1663 2183 1766 2280 post·

459 2331 489 2374 ,‚
507 2280 572 2352 hac
591 2279 682 2366 ipter
700 2299 763 2348 nos
782 2273 968 2348 diffidium.
986 2326 1013 2366 „
1054 2275 1115 2348 Sic
1133 2274 1221 2348 adeb
1241 2278 1390 2351 Senatus
1407 2280 1456 2352 eis
1474 2283 1593 2361 omnia
1610 2282 1765 2377 permit·

459 2380 531 2469 tit,
551 2375 587 2449 bt
599 2376 682 2447 loco
701 2374 791 2446 mori
810 2375 953 2446 luerunt
966 2373 1152 2446 Senatores
1166 2373 1262 2465 Xll,
1279 2374 1411 2473 absque
1427 2378 1767 2474 ignominiatamen.

461 2475 504 2547 In
523 2475 576 2545 his
593 2491 691 2544 erant
708 2475 873 2546 Henricur
889 2472 1134 2568 Meltingerus‚
1152 2489 1229 2544 turn
1250 2472 1408 2565 Consul,
1426 2477 1552 2551 Lucius
1570 2478 1767 2589 Zicglerus,

459 2571 620 2644 tribuum
628 2566 839 2739 ¹prrefedlus.
867 2567 1066 2641 Decretum
1084 2567 1253 2658 etiamest
1271 2567 1428 2664 factum,
1451 2625 1478 2664 „
1495 2594 1536 2648 ut
1547 2571 1620 2647 tim
1632 2599 1667 2647 rn
1676 2573 1771 2649 urbe

460 2719 490 2761 „
507 2665 613 2765 quarn
644 2668 712 2739 oris
727 2664 953 2763 peripsorum
965 2663 1456 2747 finesaboleaturMiffacum
1468 2668 1573 2743 idolis
1583 2671 1767 2747 omnibus.

459 2818 492 2860 „
508 2766 670 2857 adhaec,
688 2784 730 2835 ut
746 2767 783 2835 in
802 2765 843 2834 iis
860 2761 962 2834 rebus
980 2760 1213 2836 deliberandis
1231 2787 1311 2859 quae
1329 2766 1371 2837 ad
1390 2766 1542 2863 glorium
1562 2768 1635 2841 Dei
1654 2772 1767 2865 perti-

460 2914 489 2957 „
508 2884 593 2936 nent
611 2864 646 2937 dt
666 2862 708 2933 ad
727 2858 960 2956 Reipublicae
979 2860 1236 2953 commodum,
1255 2863 1402 2936 Senatus
1419 2865 1455 2935 in
1473 2864 1656 2962 posterum
1665 2867 1767 2939 adhi-

459 3009 488 3051 „
508 2960 589 3031 beat
606 2959 752 3031 tribules
763 2956 1148 3029 numerondducentos
1161 2957 1362 3055 sexaginta,
1380 2980 1768 3055 quorumutaturcon·

457 3105 487 3149 „
506 3052 631 3147 silio„
658 3055 706 3124 lis
723 3050 821 3125 factis
838 3053 1011 3146 decretis,
1030 3053 1106 3127 laeti
1124 3054 1274 3129 domurn
1292 3075 1519 3127 revertuntur
1536 3058 1655 3149 cives,
1673 3059 1711 3131 &
1727 3060 1769 3132 in

460 3150 591 3226 statuas
615 3145 756 3223 tanrbm
780 3151 896 3222 omnis
914 3150 1016 3223 desiit
1033 3152 1226 3225 iracundia.
1267 3152 1393 3225 Tertia
1408 3151 1486 3241 die,
1512 3156 1669 3250 quitum
1689 3175 1766 3230 erat

460 3256 604 3323 cinerum
638 3251 731 3339 dies,
774 3267 815 3319 ut
839 3247 1026 3321 Pontificii
1052 3270 1211 3340 vocant,
1255 3247 1378 3322 statuae
1403 3247 1535 3345 ligneae
1561 3249 1770 3325 distributae.
1852 3304 1854 3307 -

459 3345 608 3446 fuerunt
632 3348 669 3419 in
695 3345 854 3417 homines
877 3349 1077 3439 tenuiores,
1102 3365 1145 3419 ut
1160 3347 1203 3419 iis
1219 3345 1266 3418 ad
1283 3348 1402 3443 ignem
1421 3365 1628 3421 uterentur:
1655 3371 1773 3444 quum¹

459 3465 578 3519 autern
598 3444 652 3517 illi
668 3444 771 3541 super
787 3443 982 3518 dividunda
1000 3443 1122 3541 praeda
1139 3445 1363 3539 rixarentur,
1377 3468 1419 3517 ac
1434 3446 1564 3542 pugnis
1575 3447 1681 3519 etiarn
1692 3440 1773 3521 rem

460 3564 636 3640 agerent,
679 3542 816 3640 placuit
845 3544 1040 3615 exurendas
1064 3539 1147 3614 elle.
1206 3541 1355 3615 Novem
1381 3537 1469 3615 verb
1497 3565 1773 3642 componuntur

461 3638 572 3712 strues
589 3662 669 3713 ante
689 3638 890 3734 primariam
911 3638 1047 3728 aedem,
1073 3639 1111 3712 dt
1130 3637 1361 3711 inllammatae
1380 3659 1598 3715 cremantur.
1637 3643 1693 3715 Ita
1712 3643 1771 3714 ni-

463 3734 593 3808 mirum
622 3736 717 3808 casus
744 3737 852 3825 tulit,
885 3754 925 3808 ut
952 3734 1100 3832 quodie
1119 3733 1303 3829 Pontificii
1317 3735 1433 3810 solent
1451 3735 1631 3812 frontibus
1650 3739 1773 3811 homi-

462 3850 550 3901 num
587 3830 771 3929 invergere
804 3840 972 3923 cinerem,
1014 3856 1087 3930 quo
1117 3830 1186 3905 sese
1206 3838 1376 3926 pulverem
1401 3852 1499 3932 arque
1526 3842 1664 3910 cinerem
1699 3819 1774 3910 elle

463 3924 718 4021 recordentur,
752 3927 811 3998 ille
838 3929 911 4028 ipse
927 3929 1022 4021 dies,
1050 3949 1198 4026 propter
1215 3927 1315 4000 idola
1329 3930 1364 4001 in
1383 3932 1538 4020 cinerem
1558 3930 1697 4006 redadta
1714 3935 1769 4004 ei-

463 4022 568 4098 vitati
597 4020 704 4095 fuerit
731 4022 834 4097 lactus
860 4048 966 4124 atque
987 4029 1181 4124 jucundus.
1222 4025 1408 4100 Februarii
1426 4028 1485 4102 die
1504 4028 1608 4122 Xll,
1620 4028 1773 4113 tribules

465 4119 544 4214 illi,
575 4143 664 4225 quos
691 4119 869 4220 diximus,
901 4124 976 4200 aila
1001 4124 1139 4203 senatus
1164 4122 1415 4226 comprobant.
1459 4126 1584 4203 Altera
1599 4125 1682 4221 die,
1696 4146 1773 4301 ἕξ
