4442 5150
469 644 638 746 A·¹530·
777 643 899 721 Ru
946 642 993 718 N¹
1037 645 1077 719 O
1126 641 1165 720 V
1212 644 1248 718 A
1295 642 1334 719 Τ
1382 647 1414 722 1.
1646 670 1772 750 ·4¹¹
1905 714 1907 719 .

517 829 544 872 ,‚
563 775 728 853 Gratiam
748 772 769 848 ai
787 777 870 849 Deo
888 777 992 850 Patre
1009 799 1074 873 per
1092 777 1294 850 Dominum
1311 775 1430 872 Jesum
1440 774 1626 853 Christum
1643 777 1775 880 inspi-

465 928 496 972 ,‚
515 878 588 948 ritu
604 872 736 947 lindio.
764 877 892 947 Amen.
918 873 1011 947 Non
1029 873 1100 948 srne
1116 898 1173 946 ma
1200 874 1301 946 nitio
1320 873 1505 947 Christum
1519 877 1706 974 voluptate
1714 903 1775 955 ac·

465 973 677 1071 „cepimus
704 970 725 1043 ai
753 971 917 1069 Georgio
944 972 1136 1065 Maureln,
1168 897 1367 1045 ldeliffimo
1393 970 1517 1044 vestrae
1534 972 1653 1046 salutis
1670 999 1774 1051 cura·

467 1122 497 1167 „
516 1090 616 1160 tore,
651 1093 732 1166 quae
759 1069 885 1141 vestrae
911 1069 1094 1165 religionis
1120 1068 1229 1161 fides,
1264 1070 1397 1166 quique
1422 1069 1531 1141 ritus:
1564 1071 1774 1170 agimusque

462 1221 495 1263 „
513 1168 643 1265 gratias
661 1169 803 1263 optimo
812 1165 910 1239 Patri
928 1165 1073 1258 nostro,
1091 1168 1153 1263 qui
1167 1168 1209 1239 ad
1221 1186 1352 1238 tantam
1364 1189 1427 1239 vos
1437 1166 1553 1238 lucem
1563 1172 1709 1242 vocavit
1719 1173 1774 1246 his

463 1318 494 1361 ,‚
513 1265 658 1357 seculis,
694 1263 822 1360 quibus
848 1283 967 1337 totum
984 1260 1100 1340 sume
1116 1263 1242 1336 orbem
1260 1261 1418 1336 tenebrae
1435 1259 1641 1336 craffiffimae
1659 1289 1774 1342 occu·

464 1416 493 1456 ,‚
513 1381 621 1457 pant,
658 1359 882 1434 Antichristo
907 1360 1011 1456 supra
1035 1361 1183 1433 modum
1204 1359 1492 1456 praeffl
1531 1359 1773 1456 Agnoscimus

464 1513 492 1554 ‚,
511 1459 637 1554 utique
664 1459 700 1532 &
729 1458 765 1529 in
793 1459 895 1530 vobis
920 1455 1105 1529 Christum
1120 1482 1136 1529 :1
1163 1454 1512 1566 proindcflsranes
1528 1468 1705 1532 amamus:
1732 1462 1772 1537 &

464 1610 492 1651 „
512 1557 647 1626 urinam
667 1555 782 1651 seipsi
799 1555 908 1626 animi
927 1553 1038 1626 nollri
1056 1552 1210 1627 studium
1230 1553 1772 1651 ergavodeclaratepolsenrus.

461 1651 613 1748 „Quid
633 1676 728 1746 non,
754 1650 893 1724 tametfi
912 1651 1083 1742 arduum,
1103 1649 1218 1722 facere
1236 1651 1348 1747 parati
1365 1649 1537 1724 essemus?
1564 1651 1605 1723 N
1609 1674 1680 1724 unc
1695 1653 1771 1748 est,
1924 1724 1928 1730 .

463 1801 493 1845 ,‚
511 1748 607 1843 quod
624 1746 781 1822 fraterno
799 1748 889 1820 Zelo
908 1744 1011 1819 vobis
1027 1747 1303 1842 proponendum
1313 1747 1513 1820 censemus:
1533 1746 1570 1819 id
1584 1771 1772 1843 precamur

460 1898 491 1942 „
510 1845 717 1942 intelligatis
736 1869 809 1918 non
825 1841 1016 1943 imperioso
1033 1841 1224 1943 supercilio
1239 1842 1368 1937 scribi,
1392 1843 1450 1917 sed
1463 1845 1772 1924 commiseratione

461 1995 492 2039 ‚,
509 1943 625 2017 amici
641 1941 820 2017 infinuari.
960 1998 972 2018 .

508 2092 535 2133 ‚‚
556 2040 702 2112 Ennia
736 2041 880 2140 quidem
915 2033 1075 2112 veritatis
1108 2038 1323 2134 cognitione
1345 2062 1423 2137 prae
1448 2039 1573 2114 multis
1597 2040 1771 2138 donavit,

461 2191 488 2236 „
507 2138 545 2212 bc
570 2137 745 2235 spirituali
769 2137 957 2211 benedixit
981 2159 1044 2207 vos
1071 2133 1338 2228 benediblione‚
1372 2139 1478 2210 Pater
1504 2138 1659 2211 Domini
1673 2138 1773 2234 Jesu.

454 2288 486 2334 ω
508 2234 579 2308 Sed
606 2233 779 2330 siquidem
806 2235 900 2332 grati
924 2231 994 2306 esse
1018 2255 1092 2305 non
1117 2232 1352 2327 cessaveritis,
1385 2235 1502 2307 adbuc
1528 2234 1602 2326 est,
1630 2237 1669 2311 &
1695 2260 1772 2310 am·

453 2387 486 2430 ”
506 2329 682 2497 llll?
701 2329 975 2502 ,ἒῇἑὲξὲῗὶἐέ
997 2328 1489 2499 lurrtrtrrfnrz
1514 2330 1661 2498 altr
1686 2353 1772 2504 ‘'b“

453 2452 600 2623 {21⁶2er
623 2523 742 2599 multa
767 2525 804 2598 in
830 2526 933 2600 vobis
959 2523 1173 2622 probamus:
1207 2525 1259 2596 ita
1283 2524 1390 2595 etiam
1417 2521 1532 2596 multa
1556 2480 1664 2617 sunt,·
1687 2451 1772 2623 quaet

453 2621 693 2719 „emendata
718 2622 901 2698 vellemus.
937 2623 1068 2713 Scitis,
1102 2617 1212 2693 corde
1228 2620 1325 2693 credi
1343 2618 1600 2715 adjustitiam,
1626 2646 1689 2696 ore
1706 2649 1771 2700 uu·

449 2772 485 2817 ,„
504 2736 576 2795 tern
604 2717 857 2796 confeffionem
882 2720 976 2794 fieri·
991 2719 1035 2793 ad
1058 2716 1228 2792 salutem:
1253 2742 1317 2791 eos
1332 2737 1475 2810 autem,
1500 2718 1564 2814 qui
1581 2719 1770 2796 Christum

451 2871 484 2914 „
503 2816 670 2891 confiteri
689 2843 810 2892 coram
827 2818 964 2891 mundo
981 2815 1211 2907 erubuerint,
1236 2814 1405 2909 olim,·&
1424 2814 1444 2887 ὲ
1463 2835 1564 2912 patre
1580 2815 1677 2889 illius
1693 2840 1770 2902 non

455 2912 744 3086 „agnoscendos
768 2915 859 2990 sore.
901 2915 1091 3009 Quoru'am
1116 2913 1219 2991 Dm
1240 2913 1362 2990 noster
1382 2913 1511 2986 veritas
1528 2912 1601 2985 ell:
1626 2915 1769 3013 eosqui

451 3012 577 3206 zzlire
596 3109 661 3184 fibi
677 3111 779 3183 vult:
806 3109 1006 3207 Zelotypus
1024 3108 1095 3201 est,
1121 3133 1188 3183 nec
1207 3110 1366 3207 patitur,
1387 3130 1429 3182 ut
1446 3131 1529 3183 cum
1540 3108 1766 3184 Antichristo

450 3258 483 3303 ‚,
500 3205 551 3281 sui
568 3210 705 3322 jugum
731 3207 887 3283 trabant.
928 3206 1045 3281 Nulla
1071 3205 1125 3280 illi
1149 3231 1234 3281 cum
1259 3207 1373 3283 Belial
1390 3209 1429 3284 su
1447 3205 1601 3282 tenebris
1617 3205 1773 3303 parum,

455 3351 484 3397 ’³
502 3325 728 3489 gallbdimus
755 3406 908 3495 autem‚'
929 3398 1029 3498 qubd
1057 3418 1158 3475 metu
1180 3399 1466 3497 persecutionum
1484 3397 1594 3471 fidem
1613 3394 1768 3481 vestram

456 3493 551 3590 „ita
572 3496 814 3593 diffimuletis‚
839 3499 878 3573 bc
898 3497 1081 3572 occultam
1101 3497 1280 3590 babeatis,
1306 3517 1348 3572 ut
1364 3498 1470 3570 etiam
1488 3495 1765 3576 communicetis

451 3644 483 3687 ‚‚
503 3615 586 3703 cum
609 3594 841 3703 infidelibus,
868 3596 907 3669 δε
924 3595 1101 3672 accedatis
1118 3595 1162 3668 ad
1180 3593 1435 3668 abominabiles
1453 3591 1597 3663 illorum
1608 3588 1765 3705 ‘Mis-'arg

423 3741 481 3883 Ι;;
501 3688 915 3864 narseten
931 3685 1765 3889 trrafaenerantur

450 3936 480 3979 ‚,
498 3909 566 3981 pro
593 3884 750 3981 peccatis
776 3888 942 3961 vivorum
970 3888 1009 3962 &
1033 3907 1282 3962 mortuorum:
1318 3884 1404 3983 quid
1431 3883 1629 3981 reliquum,
1654 3883 1764 3981 quim

450 4035 480 4077 ‚‚
501 3978 601 4080 qubd
619 3981 786 4056 Chrillus
803 4006 876 4056 non
892 3982 1062 4058 satisfecit
1079 3986 1190 4057 unico
1207 3982 1403 4071 sacrifici03
1432 3983 1471 4058 dc
1486 3978 1587 4080 qubd
1597 3979 1763 4056 Christus

451 4131 482 4175 ‚‚
501 4104 573 4155 non
601 4079 656 4152 cll
677 4080 774 4173 Jesus
793 4079 832 4153 ὃ(
850 4081 1040 4175 Servator,
1065 4080 1124 4153 sed
1138 4079 1271 4156 nostru
1288 4079 1553 4180 quodammodo
1573 4076 1763 4175 pronubis
1826 4140 1830 4150 .

558 3015 568 3085 i
594 3011 774 3104 serviunt,
803 3013 844 3094 ln
871 3015 1042 3106 veritate,
1063 2989 1208 3109 ‘sque
1224 3012 1322 3084 omni
1344 3009 1575 3084 fimulationis
1593 3008 1680 3086 suco
1698 3011 1770 3088 ser·

450 4228 481 4272 ‚,
501 4178 614 4277 passus
639 4175 716 4254 est?
741 4179 825 4275 lant
844 4175 870 4253 fi
888 4177 985 4254 illius
997 4176 1248 4353 cmpsffim
1266 4179 1393 4258 mense
1407 4178 1603 4303 participes
1619 4172 1762 4348 sumupp

1059 4297 1066 4324 ‘
1314 4303 1317 4309 ’
1677 4322 1705 4366 a>
