4442 5150
438 643 489 722 40
634 609 1500 695 HISTORIA'EVANGELII
1575 609 1745 708 A.1521.

441 753 486 807 ne
503 727 583 803 satis
602 727 773 825 explicari
792 727 909 824 polle:
933 752 1009 801 non
1027 729 1209 802 hominem
1221 728 1295 804 effe
1311 732 1374 825 qui
1393 729 1441 803 src
1457 750 1560 829 agat,
1592 727 1652 802 scd
1669 727 1748 800 da»

383 862 388 867 ·
442 847 587 903 monem
606 825 749 922 potius,
773 827 927 898 humana
945 823 1080 923 specie:
1103 827 1163 905 ,his
1181 826 1331 924 ergode
1348 828 1453 900 rebus
1471 830 1694 926 cogitantem
1712 821 1748 895 se

441 922 1748 1118 llllrltle‘sslllllllffltlt‘ff’callsmultllm

443 1115 587 1190 suorum
606 1115 763 1209 uirtute,
789 1115 846 1187 vel
864 1113 926 1188 suo
943 1114 1130 1212 splendore
1145 1135 1252 1213 atque
1268 1071 1415 1189 mandre
1430 1118 1564 1214 aliquid
1581 1117 1748 1189 admittat

445 1212 658 1313 indignum,
691 1213 1020 1311 congregationem.
1037 1209 1156 1287 secisse
1180 1213 1343 1285 omnium
1371 1212 1520 1310 Imperii
1538 1214 1747 1312 principum

444 1332 487 1382 ac
513 1308 703 1402 ordinum,
732 1310 769 1384 &
785 1309 1053 1382 communicato
1071 1307 1242 1400 consilio,
1274 1332 1349 1381 rern
1366 1331 1510 1382 omnem
1557 1312 1745 1383 rariterac

446 1405 640 1507 diligenter
661 1403 886 1505 expendiffe:
919 1406 956 1480 &
974 1427 1174 1504 quanquam
1191 1404 1331 1503 legibus
1349 1426 1495 1480 cautum
1539 1427 1578 1501 t,
1608 1430 1656 1480 ue
1670 1427 1746 1476 ma-

443 1501 590 1585 nifestus
615 1501 827 1596 haereticus,
857 1501 968 1579 toties
991 1499 1177 1576 damnatus
1194 1504 1232 1576 &
1248 1501 1293 1575 ab
1310 1502 1471 1577 ecclesrae
1490 1504 1749 1577 communione

444 1596 600 1674 semotus
627 1598 812 1694 audiatur,
837 1618 984 1693 tamen,
1016 1599 1161 1697 nequis
1187 1599 1242 1672 illi*
1255 1600 1445 1674 calumniae
1462 1600 1563 1674 loeus
1574 1598 1646 1674 esse
1663 1594 1749 1697 pos·

443 1694 517 1791 set,
550 1695 640 1771 datis
665 1695 776 1772 literis
803 1697 842 1773 dt
865 1695 967 1771 misso
991 1696 1225 1770 caduceatore
1248 1720 1290 1770 ac
1315 1696 1460 1794 publica
1477 1695 1684 1798 interpofita
1700 1692 1750 1766 fr·

448 1789 516 1885 de,
544 1792 650 1867 illurn
673 1791 912 1886 accersivisle,
937 1812 985 1864 ut
1011 1816 1132 1864 coram
1158 1793 1209 1865 sui
1237 1792 1320 1866 faeti
1337 1796 1511 1868 rationem
1529 1786 1749 1894 explicaset:

476 1888 553 1983 ost,
577 1887 702 1962 ordine
714 1908 977 1970 commemorat
992 1888 1077 1983 quid
1099 1886 1142 1959 stt
1158 1886 1275 1961 aetum
1296 1889 1550 1981 Vuormaciae,
1582 1911 1660 1962 turn
1682 1914 1754 1985 pu·

447 1915 564 2078 dlice,
595 2004 673 2059 tum
686 1984 884 2084 privatim,
916 2003 957 2057 ut
973 1982 1226 2079 rorandum
1244 1983 1308 2057 est.
1360 1985 1410 2057 Et
1427 1987 1595 2081 quoniam
1611 2005 1756 2059 errores

449 2081 512 2156 isse
527 2080 606 2155 suos
619 2081 855 2180 ,pertinaciter
868 2078 1031 2153 defendat
1082 2081 1281 2154 Decretum
1299 2079 1387 2157 illud
1407 2081 1596 2179 pontilicis·
1607 2081 1751 2175 laudat,

447 2177 531 2279 ejus
551 2203 595 2254 ue
619 2179 799 2253 vindicem
824 2176 858 2250 se
883 2174 961 2252 fore
978 2133 1182 2275 prodtetur.
1234 2179 1360 2275 Itaque
1375 2179 1413 2252 &
1432 2177 1506 2276 ipse
1525 2181 1626 2254 illurn
1647 2180 1755 2253 darn-r

448 2285 512 2354 nat
584 2274 796 2376 proscribit,
816 2293 863 2349 -ut
877 2274 1062 2350 authorem
1081 2273 1299 2368 schismatis,
1311 2296 1359 2350 art
1376 2274 1599 2351 manifestum
1617 2299 1755 2375 acper«

453 2374 608 2451 tiuacem
634 2372 843 2448 haereticum
856 2398 875 2454 ε,
898 2370 1042 2445 mandat
1068 2373 1178 2446 etiam
1203 2372 1391 2464 omnibus,
1442 2374 1521 2447 ravi
1540 2374 1756 2465 derumciata

452 2472 587 2570 poena,
612 2491 654 2543 ut
671 2495 736 2568 pro
752 2471 812 2546 tali
832 2469 1046 2571 agnoscant,
1071 2469 1109 2544 δι
1130 2487 1170 2542 ut
1186 2469 1267 2569 post
1286 2469 1401 2545 XXI.
1445 2471 1514 2565 es,
1538 2488 1627 2570 quos
1643 2471 1757 2544 adre-

454 2566 571 2658 ditum
597 2567 629 2642 ei
656 2566 886 2667 concesserit,
919 2564 1067 2667 quisque
1079 2564 1142 2641 det
1159 2589 1327 2664 operam,
1359 2589 1401 2644 ut
1419 2567 1521 2644 illum
1532 2573 1680 2669 capiat,
1713 2567 1757 2643 dc

455 2685 602 2768 captum
624 2666 661 2738 in
679 2666 772 2740 suam
795 2663 1005 2765 potestatem
1024 2662 1216 2762 perducat:
1249 2690 1310 2740 eos
1327 2666 1438 2758 vero,
1461 2666 1523 2765 qui
1539 2686 1758 2765 quocunque

455 2764 567 2838 modo
584 2761 747 2864 faveant,
765 2784 827 2854 aut
843 2786 989 2863 operam
1007 2762 1040 2837 ei
1056 2758 1152 2836 suam
1170 2763 1466 2858 communicent,
1484 2788 1588 2861 aeque
1597 2764 1762 2865 proferri-z

454 2857 532 2936 bit:
567 2860 678 2955 libros
704 2862 810 2936 etiarn
828 2858 961 2934 aboleri
973 2858 1102 2956 jubet,
1136 2858 1341 2934 &librariis
1357 2862 1393 2932 in
1412 2861 1592 2958 posterum
1608 2882 1759 2959 gravem

458 2956 648 3034 constituit
667 2980 839 3053 ‚poenamz
865 2956 903 3029 &
927 2957 999 3027 hoc
1016 2954 1162 3047 quidem
1175 2951 1279 3024 suum
1297 2953 1507 3045 decretum,
1540 2956 1638 3067 quod
1650 2979 1759 3029 com<

455 3053 557 3125 muni
578 3051 786 3148 ,principum
814 3051 853 3124 &
875 3048 1043 3120 ordinum
1070 3042 1221 3121 consilio
1244 3046 1378 3122 fadum
1401 3046 1470 3121 esse
1491 3048 1606 3146 dieat,
1639 3050 1759 3128 sacru<

460 3145 618 3222 sanetum
637 3140 705 3219 esse
723 3145 879 3218 mandat.
916 3144 1033 3215 A'unt
1051 3135 1221 3215 adrerum
1239 3142 1310 3215 hoc
1322 3142 1487 3242 dpaucis
1505 3147 1641 3247 aliquot
1659 3148 1761 3221 fuisse

377 3247 381 3256 '
457 3240 679 3318 conflatum:
708 3264 790 3338 nam
803 3262 855 3314 ex
874 3236 920 3312 El
977 3237 1101 3311 oribus
1120 3238 1283 3311 nonnulli
1301 3238 1481 3334 fatentur,
1516 3268 1589 3317 non
1606 3242 1640 3319 se
1657 3245 1760 3321 fuisse

460 3338 645 3429 conscios,
669 3337 720 3435 (a)
739 3356 923 3435 utcunque
940 3334 1006 3430 fit,
1030 3359 1072 3409 ea
1087 3336 1158 3408 lata
1173 3332 1366 3430 sententia,
1392 3363 1620 3441 permagnam
1642 3346 1762 3419 Caesar

458 3439 541 3513 iniit
593 3437 745 3531 ratiam,
779 3437 830 3512 ita
906 3431 1021 3525 idem,
1052 3452 1094 3506 ut
1119 3430 1140 3505 a
1165 3432 1280 3507 Gallis
1302 3434 1500 3511 abalienato
1526 3439 1666 3540 prorsus
1687 3444 1766 3515 anic

459 3558 544 3630 mo,
626 3535 853 3611 duacumeo
902 3527 1043 3605 ontifex
1061 3529 1182 3605 iniret.
1405 3541 1410 3547 ’

467 3707 470 3712 ,
1491 3647 1525 3721 §-
1542 3602 1678 3711 x'xrr.
1705 3597 1765 3713 aa*

496 3816 549 3894 (a)
571 3810 667 3878 Certe
688 3810 792 3895 aspera
813 3812 950 3878 dlstloue
974 3828 1042 3893 que
1059 3809 1090 3879 in
1108 3808 1221 3876 Edicto
1236 3810 1296 3877 lllo
1311 3823 1392 3889 erat,
1418 3810 1528 3878 offensi
1544 3819 1708 3896 permultir
1720 3817 1765 3898 'r'd

460 3894 541 3981 agre
566 3901 720 3961 tulerunt:
751 3893 797 3961 Ex
822 3894 973 3962 Alandri
993 3894 1106 3959 saltem
1118 3912 1197 3958 rena
1211 3893 1361 3959 lateralia
1373 3895 1409 3958 lri
1424 3898 1637 3975 produxerunt
1649 3900 1768 3965 nosen-t

460 3980 501 4044 li:
530 3977 599 4043 Dea
622 3976 744 4040 Martia
772 3976 880 4042 Laeter
895 3976 1102 4059 nicbtbaasee.
1132 3975 1235 4054 bdvtt,
1261 3973 1342 4061 effet.
1367 3977 1498 4053 nutat,
1526 3982 1596 4045 noch
1611 3981 1769 4063 anthelm,

448 4060 572 4144 [andem
585 4084 633 4125 wa
648 4058 695 4123 ihr
709 4058 761 4125 aba
773 4060 899 4124 betreten
913 4074 959 4124 mo'
976 4075 1006 4139 t,
1032 4049 1196 4145 gefdnglicb
1212 4057 1368 4134 annemhe,
1393 4062 1457 4126 und
1467 4064 1515 4127 ihr
1529 4062 1665 4144 amsolcb
1675 4065 1768 4151 heila}

450 4145 540 4223 seueri
559 4142 633 4209 autb
657 4166 725 4208 eure
749 4143 819 4207 maa
842 4144 906 4209 aad
924 4081 1014 4227 lodan
1030 4183 1048 4221 ,ι
1070 4141 1223 4219 aiemlicbe
1243 4140 1456 4228 ergatalirbln'e
1476 4144 1628 4231 mpsahen
1645 4148 1769 4217 werden

354 4243 357 4248 ·
393 4237 400 4279 1
458 4222 1206 4310 r.Luth.0pp.lenens.GetmurlcaTomr.
1227 4225 1415 4309 fultona.
1581 4256 1596 4291 .-
1652 4275 1656 4284 ›
1752 4249 1771 4300 ·;
