4442 5150
399 648 627 752 nans.
790 647 1540 729 renovari·
1696 685 1765 752 ιφ,

359 861 361 864 ⁴
456 784 514 860 bis
537 782 869 880 estexponendum.
913 784 1051 855 Primus
1071 783 1143 876 (a),
1169 785 1231 879 qui
1250 784 1454 858 Pontifieiae
1472 782 1646 858 doetrinae
1663 813 1763 863 erto·

458 907 512 957 res
531 883 590 954 bic
609 881 799 975 detegere,
816 882 1043 974 animosque,
1061 900 1232 975 quantum
1253 883 1289 950 in
1306 881 1380 973 ipso
1398 902 1495 974 erat,
1513 886 1554 953 ad
1575 885 1762 961 instantem

456 978 631 1053 doetrinae
656 978 913 1066 mutationem,
948 976 1044 1072 quod
1060 980 1133 1071 jam
1155 977 1191 1047 in
1210 977 1445 1068 superioribus
1465 981 1638 1070 diximus,
1667 1008 1763 1079 prae·

457 1099 579 1174 parare
597 1073 696 1146 ausus
713 1071 785 1161 est,
811 1092 883 1144 erat
906 1075 959 1145 M.
979 1075 1071 1147 Ordo
1090 1077 1317 1162 Stemmelius,
1335 1076 1398 1166 qui
1415 1076 1538 1146 Pallor
1555 1077 1596 1147 ad
1616 1079 1667 1149 D.
1688 1080 1762 1153 Ca·

457 1174 632 1265 tharinae,
662 1171 699 1242 &
723 1170 823 1241 limul
843 1167 1006 1242 Vicarius
1024 1171 1065 1239 ad
1085 1172 1258 1264 templum
1280 1171 1492 1241 Catbedrale
1517 1172 1600 1243 fuit.
1645 1178 1764 1249 Prima
1824 1237 1826 1239 .

457 1270 539 1342 haec
555 1267 709 1343 scintilla
722 1267 842 1360 postea
859 1265 987 1338 secutae
1008 1267 1096 1338 lucis
1117 1265 1305 1362 Evangelii
1321 1268 1471 1338 emicuit
1491 1269 1695 1366 Hamburgi
1716 1278 1762 1345 A.

458 1387 528 1440 cto
541 1387 581 1437 io
594 1387 678 1436 xxi.
696 1366 752 1435 vel
766 1383 833 1434 cro
846 1385 885 1433 to
898 1387 996 1434 xxii.
1021 1365 1234 1434 Tuncenim
1248 1363 1762 1440 StemmeliusPontificiorum

456 1462 637 1537 erroribus
656 1457 800 1557 publice
818 1458 851 1530 se
868 1483 1050 1555 opponere
1070 1460 1234 1546 instituit.
1260 1461 1361 1556 Huic
1379 1462 1485 1556 paulo
1506 1461 1606 1556 post,
1625 1464 1682 1534 alii
1700 1464 1762 1535 ad·

452 1558 698 1658 jungebantur
716 1557 904 1651 Evangelii
923 1579 1105 1652 praecones
1124 1557 1160 1627 in
1178 1556 1248 1653 ipsa
1266 1555 1374 1648 urbe,
1400 1560 1499 1628 inter·
1508 1579 1597 1653 quos
1616 1563 1766 1654 Sapha-¹

456 1658 662 1750 nasKempe,
695 1655 757 1752 qui
786 1656 831 1723 A.
857 1675 958 1748 1523.
987 1652 1193 1724 Rostocbio
1212 1655 1281 1724 buc
1300 1652 1508 1744 advenerat,
1534 1656 1571 1728 &
1589 1656 1763 1748 Johannes

457 1758 600 1844 Fritze,
620 1755 777 1846 itemque
796 1751 966 1841 Johannes
986 1751 1218 1846 Zegenbagen,
1235 1751 1296 1841 qui
1316 1752 1359 1820 Α.
1375 1761 1477 1841 1526.
1503 1751 1762 1848 Magdeburgo

458 1870 607 1922 vocatus
625 1869 710 1921 emt.
739 1848 806 1918 His
825 1867 941 1917 autem
962 1845 1128 1916 omnibus
1143 1870 1224 1917 cum
1235 1845 1437 1917 Pontificiae
1449 1845 1620 1919 doetrinae
1630 1850 1762 1922 addicti

457 1945 499 2019 se‘
520 1970 585 2040 pro
611 1947 745 2017 viribus
764 1961 1009 2039 opponerent,
1036 1940 1169 2013 facium
1188 1942 1238 2013 est
1257 1965 1296 2014 ut
1314 1943 1392 2038 post
1410 1944 1505 2016 varia
1522 1945 1663 2016 tandem
1683 1970 1762 2020 cer·

458 2045 610 2134 taurina,
630 2044 779 2116 Senatus
796 2064 918 2111 omnes
937 2041 1070 2111 ordinis
1087 2040 1172 2111 lacti
1192 2041 1287 2110 viros
1306 2040 1499 2112 inCuriam
1519 2066 1761 2138 convocaret,

458 2140 497 2214 &
524 2139 716 2236 propositis
742 2136 951 2232 quibusdam
979 2137 1159 2227 articulis,
1194 2136 1238 2208 ab
1256 2136 1338 2232 ipfis
1356 2136 1600 2230 observandis,
1627 2140 1662 2210 in
1681 2146 1761 2236 qui·

457 2236 526 2308 bus
559 2261 646 2334 pura
681 2235 780 2308 verbi
816 2233 927 2304 divini
964 2234 1204 2328 praedicatio,
1243 2234 1284 2307 '&
1320 2235 1415 2328 pacis
1446 2234 1598 2307 studium
1625 2234 1762 2332 potiffi·

459 2330 558 2405 mum
591 2332 676 2429 ipfis
710 2329 995 2430 injungebatur,
1039 2329 1161 2402 litibus
1196 2327 1302 2401 finem
1332 2331 1516 2425 imponere
1540 2332 1761 2406 allaboraret.

457 2431 559 2504 Huic
579 2432 727 2505 Senatus
744 2430 911 2500 mandato
923 2427 1079 2499 Pastores
1092 2427 1301 2523 Evangelici
1313 2450 1448 2497 morem
1462 2428 1651 2523 gerebant,
1672 2453 1762 2502 con·

457 2527 708 2601 tranitentibus
731 2524 955 2619 Pontificiis,
990 2526 1081 2596 inter
1097 2546 1186 2622 quos
1207 2546 1280 2619 prae
1299 2525 1424 2595 ceteris
1441 2528 1606 2599 Nicolaus
1621 2528 1761 2622 Baster-

450 2632 530 2720 pius
555 2623 782 2721 Evangelicis
807 2624 936 2695 multas
963 2619 1106 2694 cieviffe
1122 2619 1299 2691 molestias
1317 2620 1479 2692 refertur.
1524 2624 1577 2693 Hi
1598 2626 1765 2718 interim,

457 2743 570 2816 quum
596 2717 645 2791 ob
671 2722 745 2815 ejus
766 2744 898 2792 errores
919 2722 955 2792 ὃ(
976 2717 1206 2815 pertinaciam
1226 2740 1292 2811 pro
1312 2718 1487 2788 concione
1505 2718 1542 2788 in
1559 2742 1639 2791 eum
1661 2722 1760 2791 inve·

457 2818 649 2908 herentur,
685 2818 831 2889 Senatus
858 2820 904 2888 A.
928 2838 1031 2912 1527·
1065 2811 1188 2885 denub
1207 2813 1360 2909 pastores
1378 2812 1421 2884 ab
1439 2833 1588 2909 utraque
1607 2835 1705 2909 parte
1725 2818 1761 2889 in

458 2913 570 2989 Curia
588 2938 792 3011 comparere
806 2914 925 3010 jubet.
959 2912 1123 2984 Tandem
1142 2912 1246 2982 tertia
1264 2911 1343 2982 vice
1363 2914 1409 2981 A.
1424 2908 1527 3007 1528.
1552 2912 1610 2983 die
1629 2911 1762 2986 Martis

456 3012 538 3109 post
556 3010 808 3085 misericordias
828 3012 981 3082 Domini
1001 3011 1036 3081 in
1054 3007 1202 3081 Curiam
1222 3028 1489 3099 convocantur,
1514 3027 1554 3081 ut
1572 3013 1762 3109 unusquis·
1830 3051 1832 3054 ·

457 3133 525 3205 que
539 3108 714 3182 doetrinae
734 3108 804 3182 suae
825 3110 996 3180 rationem
1016 3106 1189 3179 redderet.
1216 3104 1343 3202 Qium
1362 3103 1449 3177 verb
1466 3105 1651 3178 Pontificii
1672 3107 1763 3180 nibil

455 3205 555 3279 solidi
573 3233 619 3280 ex
637 3206 750 3280 verbo
766 3206 836 3277 Dei
856 3229 926 3299 pro
942 3203 1171 3276 defendendis
1188 3199 1254 3273 suis
1270 3202 1450 3277 erroribus
1468 3200 1592 3275 afferre
1611 3203 1763 3301 pollent,

455 3303 575 3377 babita
600 3306 702 3397 inde,
729 3322 808 3375 tum
829 3300 848 3373 a
868 3304 1022 3388 Senatu,
1048 3322 1125 3372 tum
1144 3299 1164 3371 a
1183 3297 1315 3371 selectis
1332 3301 1494 3394 civibus,
1519 3303 1579 3394 qui
1598 3303 1762 3390 aderant,

457 3398 733 3492 deliberatione,
753 3401 788 3471 hi
809 3401 1011 3495 petierunt,
1037 3390 1063 3488 ,‘‚
1083 3418 1146 3488 ut,
1166 3398 1332 3492 quoniam
1353 3396 1643 3490 satisappareret,
1662 3393 1762 3489 qubd

458 3544 484 3586 „
504 3494 634 3592 septem
646 3498 951 3590 Concionatores,
967 3495 1099 3591 aliique
1117 3517 1240 3567 eorum
1260 3492 1367 3585 socii,
1386 3493 1536 3564 decreto
1549 3492 1696 3563 Senatus
1714 3496 1761 3566 A.

589 3639 590 3642 =
1606 3638 1634 3678 ,‚
1657 3600 1762 3681 ¹52⁶·

499 3718 548 3797 (a)
574 3717 671 3781 Conf.
700 3720 729 3801 b.
747 3718 899 3784 XLVIL
918 3742 948 3806 p.
969 3735 1038 3799 107.
1064 3714 1306 3797 &oxxvil
1327 3737 1355 3799 p.
1369 3732 1417 3794 53.
1443 3713 1521 3776 Aen.
1540 3710 1765 3780 GREVIUS·

457 3806 487 3867 in
515 3803 588 3864 Vita
612 3800 686 3880 Joa.
703 3801 813 3885 AEpini
830 3825 859 3887 p.
873 3824 922 3886 14,
941 3823 991 3883 15,
1012 3807 1059 3866 16.
1093 3799 1147 3884 qui
1164 3800 1195 3863 se
1212 3802 1278 3863 baee
1294 3800 1423 3861 breviter
1441 3798 1623 3862 recensuiffe
1639 3798 1764 3882 testatur

455 3908 493 3950 cr
518 3881 844 3951 STAPHORSTII
869 3887 948 3953 Hill.
976 3884 1099 3949 Eccles.
1126 3883 1242 3947 Hamb.
1261 3880 1351 3945 P.ll.
1372 3881 1488 3945 Vol.l.
1513 3883 1567 3963 qui
1584 3885 1649 3947 baec
1666 3882 1763 3947 iulius

455 3986 573 4078 enarrat
590 3965 761 4051 p.1·-r48t
777 3968 866 4033 conf.
884 3968 1118 4067 HAMRLM.
1136 3967 1216 4031 Hist.
1234 3964 1328 4028 renati
1338 3962 1500 4112 'Esvangel
1518 3989 1546 4050 p.
1561 3986 1629 4064 ¹.44·
1661 3964 1763 4030 SEC-

456 4051 605 4222 lfplssss
627 4050 772 4201 lilii
792 4048 1789 4232 lllllifssullllllzss,qualllfilgsslillllmlbil.

456 4216 564 4305 Papen
586 4220 696 4304 meffe,
720 4218 856 4304 Predige
879 4222 945 4285 und
965 4220 1077 4286 andere
1097 4216 1412 4305 Karclen-geprnnge
1427 4217 1538 4282 ellbier
1554 4233 1583 4280 to
1600 4216 1768 4301 Hamburg

449 4304 599 4388 geandert
615 4304 689 4378 &a
708 4302 888 4371 hauserunt.
