4442 5150
999 525 1125 625 (73)

498 624 503 637 ⁸
607 655 698 728 Huic
702 651 853 749 schedula
863 653 1076 728 exhortatoria
1088 657 1197 748 Capito
1201 655 1264 745 sira
1276 677 1373 726 manu
1378 632 1566 750 subscripsit.-

892 754 1024 823 perlata
1038 751 1072 823 d.
1087 772 1118 821 ι.
1129 746 1286 821 ortobris.

810 1030 949 1131 Wolfg.
973 938 1361 1109 FablsihPlTONIS

814 1124 968 1223 Epistola
990 1127 1032 1198 ad
1051 1127 1158 1201 Amb.
1176 1134 1370 1200 Blanrerntn

951 1243 994 1294 ex
1014 1218 1094 1294 ΜΗ.
1118 1222 1216 1297 edita.

498 1408 665 1486 Gratia&
678 1410 751 1484 Pax
767 1406 908 1483 Christi.
945 1406 1044 1481 Dum
1062 1413 1220 1484 internos
1235 1408 1334 1484 hodie
1345 1408 1436 1505 apud
1453 1409 1563 1486 Math.
1575 1419 1719 1490 Zellium

390 1519 394 1526 '
452 1504 736 1591 convenissemus,
758 1501 979 1577 commodum
1004 1505 1132 1600 egresso
1153 1507 1336 1592 Hedione,
1357 1527 1479 1600 meque
1490 1508 1559 1603 jam
1571 1510 1719 1607 egressu.

452 1624 510 1690 ro,
530 1622 602 1672 tuae
620 1621 700 1669 cum
718 1597 790 1669 aliis
805 1596 992 1667 amicorum
1006 1597 1107 1670 haeris
1118 1601 1324 1686 redduntur,
1349 1621 1555 1692 quascoram
1570 1603 1719 1702 resigno,

444 1695 590 1790 aperio,
612 1688 715 1788 lego,
741 1692 779 1763 &
803 1691 960 1784 pleraque
961 1690 1107 1854 ῚΡαΙαιη,
1130 1693 1289 1765 nimirum
1311 1692 1578 1785 quodomnium
1599 1719 1637 1769 ut
1659 1697 1721 1770 sci·

452 1807 548 1872 rent,
569 1783 720 1856 interesse
748 1804 910 1877 putarem.
1000 1804 1057 1854 uas
1080 1805 1223 1872 aurem,
1250 1786 1298 1856 mi
1324 1786 1502 1875 Blaurere,
1524 1790 1584 1860 vix
1607 1789 1719 1863 dicere

452 1902 568 1972 queo,
593 1899 717 1973 quanta
738 1900 854 1949 omnes
869 1876 1063 1970 exceperint
1079 1878 1345 1966 adlubescentia,
1367 1900 1518 1951 nontam
1537 1884 1632 1977 quod
1650 1883 1719 1957 ele·

453 1994 568 2070 gantas
584 1993 699 2059 erant,
721 1971 779 2069 qui
799 1972 972 2068 elegantiae
997 1971 1157 2043 sermonis
1184 1974 1286 2068 paulo
1303 1974 1561 2070 negligentiores
1585 1974 1716 2066 sumus,

452 2090 557 2163 quarn
572 2066 666 2162 quod
681 2065 880 2164 singularem
899 2067 1040 2160 speciem
1060 2065 1189 2160 pietatis
1230 2067 1409 2156 taberent,
1437 2067 1651 2160 profitentem
1666 2072 1718 2142 ni·

451 2163 577 2234 mirum
593 2163 722 2254 pure&
744 2159 960 2252 simpliciter,
987 2178 1088 2252 atque
1098 2092 1227 2272 arguti
1233 2185 1295 2232 nos
1306 2160 1511 2233 cohortantis
1521 2164 1561 2232 ad
1573 2163 1716 2262 diligen·

452 2255 532 2325 tiam
549 2255 724 2345 aliquanto
734 2254 916 2339 acriorem,
939 2275 1042 2345 quam
1059 2275 1151 2323 certe
1167 2254 1302 2325 exacuis
1315 2253 1459 2346 obliquo
1470 2255 1533 2326 isto
1544 2256 1653 2328 ductu
1668 2259 1717 2330 sa·

451 2344 768 2418 cillimaedictionit.
817 2345 912 2414 Nam
930 2343 1015 2437 quid
1027 2342 1119 2415 aliud
1132 2366 1234 2437 quam
1253 2345 1442 2416 cohortatio
1456 2348 1522 2433 est,
1544 2351 1638 2442 quod
1652 2351 1715 2441 ais,

453 2461 516 2511 vos
532 2439 607 2509 Deo
614 2459 712 2533 agere
723 2435 842 2533 gratias
852 2440 1143 2529 propterea,quod
1154 2459 1215 2506 nos
1227 2437 1261 2509 in
1272 2439 1547 2510 communionem
1557 2442 1716 2539 Evange-

452 2531 488 2603 lii
504 2532 680 2605 vobiscum
703 2530 891 2603 venerimus
902 2528 1052 2633 adeoque
1064 2530 1160 2622 quod
1169 2529 1237 2626 jam
1251 2529 1354 2601 fimus
1371 2529 1484 2604 libetis
1508 2531 1714 2609 civitatibus.

452 2627 600 2700 Talibus
619 2626 750 2722 Elogiis
766 2623 911 2695 nostram
937 2622 1051 2695 incitas
1077 2623 1290 2711 tarditatem,
1313 2622 1432 2719 visque
1454 2625 1649 2719 persuadere
1673 2651 1714 2705 ut

451 2718 581 2794 bonum
600 2719 807 2812 praebeamus
821 2720 960 2789 odorent
979 2716 1018 2789 iis
1031 2716 1091 2810 qui
1108 2715 1292 2789 sorissunt:
1318 2716 1488 2791 Nostrum
1500 2718 1613 2815 itaque
1632 2723 1713 2814 erit,

477 2819 580 2888 recari
593 2812 786 2900 Christum,
813 2831 851 2882 ut
865 2808 986 2883 efficiat
1004 2810 1036 2880 in
1054 2809 1152 2883 nobis
1163 2836 1205 2884 ne
1216 2807 1338 2884 frustra
1350 2811 1491 2892 videaris
1503 2814 1712 2891 cohortatus.

451 2838 585 2982 h'erum
598 2907 680 3002 quid
694 2908 728 2977 in
748 2928 808 2976 nos
825 2906 1033 2977 machinetur
1044 2906 1221 2989 immicus,
1242 2926 1367 3001 quanta
1384 2906 1477 2977 Deua
1490 2907 1711 2981 nosciemen·

451 3002 496 3075 tia
508 3000 743 3098 prosequatur,
769 3000 805 3072 ὃ(
818 3021 896 3093 quae
908 2999 1019 3071 nostra
1037 2996 1076 3069 ht
1087 2996 1314 3089 imbecillitas,
1336 3022 1404 3072 non
1422 3000 1615 3071 verebimur
1627 3025 1712 3097 pau.

451 3097 499 3169 cis
517 3095 678 3179 indicare,
705 3117 784 3188 quae
799 3093 912 3164 omnia
929 3091 1018 3165 clare
1036 3092 1225 3187 perspicies,
1248 3095 1427 3188 postquam
1439 3117 1518 3189 quae
1529 3096 1709 3170 acciderint

451 3191 615 3286 percipies
631 3184 800 3260 adiscessu
815 3195 974 3276 Zwi'ccii,
992 3186 1173 3283 praesertint
1187 3186 1380 3283 insigniora,
1403 3209 1478 3258 nam
1491 3184 1538 3258 fin
1566 3187 1621 3260 ula
1635 3213 1709 3284 pcr-

451 3283 545 3377 sequi
568 3284 654 3356 foret
677 3280 777 3354 nimis
798 3280 992 3376 prolixum,
1007 3304 1087 3352 curn
1101 3278 1178 3351 rato
1200 3281 1270 3353 dies
1287 3278 1354 3352 fine
1369 3283 1468 3354 novis
1485 3281 1519 3353 in
1546 3282 1608 3353 diis
1622 3306 1711 3379 prae.

451 3395 565 3450 terear.

501 3474 658 3565 Eprftopus
672 3466 920 3567 Argentinensrs
932 3465 1095 3562 suprema
1106 3466 1290 3541 autoritatis
1300 3467 1364 3558 est,
1388 3470 1711 3561 quamtueturdex·

451 3569 579 3636 teritatc
597 3563 741 3724 puidam
753 3565 787 3633 in
801 3562 900 3633 rebus
911 3560 1105 3658 agendis,ut
1119 3562 1152 3631 in
1165 3560 1397 3634 Ecclesiastico
1407 3561 1525 3634 rard&
1539 3563 1709 3662 singulari.

451 3658 584 3731 Adhaec
613 3655 660 3727 rbi
671 3655 792 3752 aliquis
802 3654 867 3727 esse
887 3655 1033 3742 viderur,
1058 3657 1094 3728 &
1112 3655 1196 3727 nihil
1214 3656 1363 3750 iniquius
1380 3653 1460 3744 fert,
1482 3678 1583 3750 quam
1604 3656 1710 3732 sene·

450 3753 547 3851 grigi.
594 3749 667 3840 jam
687 3771 768 3821 vero
784 3749 949 3822 crescente
965 3748 1104 3822 Christo
1123 3747 1190 3822 suae
1212 3771 1307 3845 putat
1325 3747 1535 3820 aestimationi
1553 3748 1625 3823 fieri
1652 3752 1712 3827 de-

449 3849 663 3928 trimentum,
684 3841 780 3935 quod
796 3844 969 3916 hinccadit
991 3839 1305 3915 inanissormidodc
1320 3841 1511 3935 Episcopali
1524 3842 1713 3937 stomacho,

453 3938 593 4016 terribili
615 3938 889 4031 quodammodo,
910 3938 993 4011 dum
1012 3937 1152 4009 [institia
1174 3938 1324 4012 &error
1348 3936 1494 4037 vulgum
1520 3937 1712 4035 possideret.

500 4039 595 4112 Tom
614 4033 659 4104 ll.
1035 4029 1075 4103 K
1678 4035 1712 4107 le
