4442 5150
663 638 1728 746 UNENOVATR⁴'2Q

420 774 484 848 riae
517 771 672 851 susurros
705 769 832 844 faverit
867 769 1077 864 Sebastianus
1110 773 1149 843 de
1182 774 1428 868 Montesalcone
1463 773 1729 873 Episcopus&

419 874 592 966 Princeps
613 868 884 960 Lausannensrs,
910 892 953 939 ex
975 866 1262 941 LilMBERTl
1280 877 1514 966 Auenionenfis
1531 877 1729 950 dedicatio·

419 994 466 1041 ne
486 967 691 1062 farraginis,
717 970 770 1039 uti
790 966 893 1038 babet
914 965 995 1035 libri
1015 965 1165 1056 titulus,
1191 968 1353 1038 omnium
1372 967 1446 1039 sere
1465 993 1581 1045 rerum
1600 976 1730 1049 Theo·

420 1067 622 1161 logicorum
643 1065 685 1134 ad
705 1063 816 1159 ipsum
836 1060 969 1134 diresla
987 1082 1085 1156 patet
1105 1063 1175 1154 (a),
1201 1063 1264 1135 ubi
1282 1066 1376 1135 inter
1393 1067 1478 1137 alia:
1506 1120 1533 1160 „
1553 1072 1727 1164 Supero-¹

420 1164 564 1256 „ribus
590 1163 688 1232 annis
716 1184 797 1231 cum
825 1159 919 1255 apud
945 1161 1069 1229 urbem
1094 1178 1192 1230 tuam
1210 1159 1404 1232 Lausanam
1422 1163 1570 1238 verbum
1591 1169 1728 1245 Cbri'sli

419 1311 448 1354 „
467 1263 738 1347 annunciarem,
772 1258 880 1328 animi
903 1258 956 1326 tui
977 1257 1170 1350 pietatem,
1195 1257 1418 1329 adulatorum
1439 1258 1526 1332 verb
1544 1287 1585 1335 ac
1604 1263 1727 1338 seduc·

420 1409 448 1450 „
468 1378 586 1428 torum
614 1355 835 1450 quorundam
861 1354 1079 1445 impietatem
1098 1351 1294 1426 multifarie
1311 1376 1478 1450 expertus
1497 1355 1562 1431 sui.
1605 1362 1728 1459 Siqui-

418 1505 446 1547 „
467 1454 546 1524 dem
575 1454 638 1524 ubi
664 1451 790 1523 nostris
810 1449 1127 1545 praedicationibus
1146 1450 1287 1543 aderas,
1314 1452 1462 1523 verbum
1483 1454 1636 1529 Domini
1657 1457 1726 1536 fin·

417 1602 446 1642 ‚,
465 1547 637 1622 cerlis-rme
664 1546 954 1643 ampleslebaris,
986 1546 1048 1617 ubi
1073 1567 1192 1618 autem
1219 1548 1266 1621 ob
1295 1551 1526 1644 negotiorum
1549 1556 1728 1630 tumultus

418 1694 446 1740 „
466 1647 577 1719 abesse
595 1644 864 1740 compellebaris
884 1642 997 1737 (quod
1015 1641 1120 1715 semel
1139 1643 1410 1738 atquosecundo
1422 1644 1509 1734 fuit)
1530 1647 1620 1724 srcut
1635 1653 1727 1731 mibi
1807 1728 1814 1736 ,

418 1768 717 1840 „nonnunquam
744 1741 886 1830 dixisti,
911 1737 933 1810 ὲ
956 1738 1082 1811 Verbo
1106 1740 1258 1812 Domini
1276 1761 1313 1812 te
1331 1741 1447 1816 facere
1462 1744 1615 1821 alienum
1633 1774 1728 1831 nom

332 1915 339 1925 ,
418 1892 446 1936 „
466 1842 553 1919 nulli
572 1841 833 1930 moliebantur,
860 1835 1171 1930 adserentesquod
1191 1839 1358 1911 haeretica
1377 1842 1620 1936 praedicarem.
1650 1846 1728 1921 Vc·

419 1991 448 2033 ,‚
464 1964 542 2011 rum
563 1940 705 2011 tandem
725 1936 772 2009 src
791 1956 827 2009 te
845 1936 935 2007 vicit
954 1931 1192 2029 potentisiima
1209 1938 1359 2029 veritas,
1386 1959 1426 2009 ut
1445 1942 1568 2015 multis
1586 1967 1654 2040 pro
1670 1942 1729 2022 me'

421 2088 448 2131 ,‚
464 2034 661 2133 scripseris,
689 2036 726 2108 ὃ(
746 2033 897 2106 libenter
914 2030 1045 2123 fatear,
1070 2033 1124 2103 tui
1142 2030 1243 2104 causa
1261 2033 1355 2128 apud
1373 2035 1584 2131 Berncnses,
1603 2042 1728 2140 Tigu-

418 2136 581 2229 „rinos,
616 2129 839 2223 Basilienses,
875 2130 911 2204 ὅ(
934 2127 1534 2226 Friburgensesbenemihisuille.
1578 2136 1727 2213 Abeun-

419 2276 448 2324 ,‚
467 2250 538 2304 tem
563 2254 708 2328 quoque
733 2227 922 2325 adjurasti,
957 2247 999 2303 ut
1021 2251 1274 2326 nonnunquam
1293 2232 1335 2301 ad
1356 2251 1390 2303 te
1409 2229 1620 2326 scriberem,
1646 2260 1729 2334 qux

326 2354 332 2368 ·
416 2372 446 2423 3,
466 2331 605 2422 pietatis
624 2348 743 2419 erant,
770 2326 867 2422 quod
887 2326 924 2400 bt
944 2348 1000 2399 me
1018 2346 1224 2421 opportune
1240 2324 1414 2398 saslurum
1432 2327 1621 2427 spopondi.
1639 2386 1685 2427 „.

465 2426 515 2500 Et
537 2426 658 2498 multis
682 2421 897 2522 interjeslis:
924 2424 981 2495 En
999 2447 1097 2518 qnam
1115 2425 1222 2510 musta
1232 2424 1361 2516 fiducia
1379 2441 1485 2498 tecum
1500 2454 1582 2525 ago,
1607 2453 1729 2517 memor?
1790 2447 1793 2451 '

417 2530 542 2600 veteris
568 2528 747 2613 amicitia,
771 2547 836 2619 qna
858 2546 907 2595 me
926 2525 1003 2595 olim
1019 2522 1173 2616 dignatas
1190 2545 1244 2613 es,
1269 2545 1309 2593 ac
1325 2524 1508 2615 nobiliffimr'
1524 2532 1630 2601 animi
1646 2535 1728 2605 illn-

408 2625 492 2716 slris
517 2621 746 2693 dominationis
765 2638 851 2701 auen
895 2615 1094 2690 Enimvero
1117 2639 1183 2689 nec
1210 2641 1250 2688 ea
1276 2619 1349 2691 laus
1370 2621 1406 2691 in
1427 2621 1610 2722 Episcopo
1628 2627 1729 2701 Lau.

419 2714 574 2790 sannensr
594 2716 811 2795 constantior
828 2716 920 2808 suit,
946 2738 1049 2810 quam
1072 2716 1107 2785 in
1127 2712 1412 2806 Constantienfi,
1440 2717 1610 2814 siquidem
1630 2744 1727 2798 uter·

417 2839 518 2911 que,
545 2838 627 2887 cum
655 2814 726 2912 ipsa
743 2814 971 2887 Reformatio
993 2810 1248 2908 susciperetur,
1274 2813 1477 2886 alieniorem
1497 2816 1729 2918 ab'Evange·

417 2914 469 2986 lio
488 2910 669 2986 testificati
684 2913 818 2986 fuerint
831 2913 1011 3001 animum,
1030 2909 1299 3008 &splendorem
1310 2913 1622 2988 aulicumveritati
1632 2941 1728 3015 prae·

298 3102 301 3108 Ι
417 3010 584 3102 ferentes,
599 3013 675 3109 jugi
686 3031 803 3083 autem
817 3010 1026 3103 Evangelici
1037 3009 1261 3104 impatientes
1271 3030 1367 3084 retro
1376 3009 1570 3110 conspicati
1581 3011 1728 3094 fuerinti

463 3123 496 3196 §.
515 3110 591 3182 XC
598 3112 624 3183 l.
651 3109 760 3203 Apud
780 3107 1055 3197 URANIOS,
1081 3129 1154 3203 quo
1171 3107 1317 3182 nomine
1336 3110 1397 3206 qui
1417 3113 1641 3204 provinciam
1661 3118 1729 3191 Uri

418 3209 583 3282 incolunt
609 3208 713 3281 nobis
738 3206 983 3301 appellantur,
1018 3227 1091 3277 non
1109 3206 1226 3276 minus
1246 3205 1316 3279 boc
1335 3229 1499 3304 tempore
1516 3209 1638 3301 luisse,
1665 3214 1729 3306 qui

417 3305 704 3377 Reformationis
731 3305 881 3398 negotio
908 3300 1092 3393 faverent,
1109 3302 1337 3377 ‘addiscimus
1364 3329 1408 3376 ex
1427 3308 1548 3397 Jodoci
1564 3309 1730 3381 Schmidii

422 3402 746 3496 Archigrammatei
773 3395 979 3488 Uraniepsrs
1003 3402 1048 3468 Α.
1064 3421 1124 3493 15¹
1132 3422 1166 3480 9·
1192 3400 1236 3471 ad
1254 3401 1463 3496 Zwr'nglr'nm
1481 3402 1562 3476 data
1580 3400 1729 3512 Epido-

419 3496 452 3567 la
472 3493 551 3584 (b),
586 3518 652 3588 qua
680 3500 708 3568 is
735 3497 923 3592 Zwinglio
949 3496 1079 3593 gratias
1106 3495 1182 3592 agit
1208 3505 1320 3590 „pro
1338 3495 1459 3566 labore
1478 3495 1515 3567 &
1535 3494 1754 3593 industria„

419 3644 448 3685 „
468 3613 573 3685 quam
602 3591 747 3663 Basileae
775 3594 847 3689 ipsi.
865 3592 1110 3688 impenderat,
1143 3590 1316 3688 auxilium
1344 3587 1464 3686 postea
1482 3591 1520 3666 ὃ(
1538 3591 1728 3687 confilium

417 3741 446 3784 „
463 3685 625 3783 ejusdem
656 3689 692 3760 in
720 3690 942 3776 institutione
968 3687 1329 3861 ἰταῑῗιεὴωίηοτςηῃὶε
1354 3677 1728 3789 sollicitd2implorat3

758 3827 761 3832 ·
1596 3809 1730 3889 „quin

461 3960 509 4038 (a)
535 3956 615 4039 apud
635 3953 943 4026 SCHELHORN.
964 3957 1122 4024 Arnoenit.
1142 3911 1510 4041 literariP.1V.p.325.
1727 4031 1748 4048 ,-
1840 4030 1846 4041 ,

462 4045 514 4123 (b)
540 4040 603 4103 rid.
630 4036 877 4106 HOTTING.
909 4042 981 4108 Sec.
1000 4041 1099 4106 XVI.
1129 4040 1165 4103 P.
1184 4041 1227 4105 ll.
1252 4064 1281 4125 p.
1299 4056 1371 4123 357.
1403 4042 1456 4108 ubi
1479 4043 1652 4126 emphatica
1672 4046 1728 4109 ad·

419 4127 558 4189 modum
582 4122 733 4187 Schmidii
749 4123 820 4187 su'nt
836 4126 947 4191 verba:
970 4124 1024 4188 sch
1041 4124 1131 4188 kebre
1147 4145 1191 4190 zu
1208 4124 1278 4187 dem
1290 4126 1447 4206 brunnen,
1471 4126 1510 4189 da
1526 4130 1588 4188 mir
1603 4144 1727 4211 engete-

420 4206 542 4373 §dhrim
562 4209 769 4356 {urspringen
793 4208 830 4292 ist
854 4208 888 4274 in
912 4208 1053 4279 densita
1070 4207 1376 4294 meinrrlsa'ndbeit,
1401 4208 1476 4278 euch
1492 4211 1661 4295 anrrtffend
1675 4233 1727 4274 um

443 4310 463 4350 ll
519 4314 560 4355 Μ
597 4317 633 4357 ra
641 4345 647 4355 .
655 4309 679 4357 s·
1083 4325 1086 4330 '
1680 4317 1682 4326 ¹
