4442 5150
463 644 632 746 arfa
795 584 1438 733 annotari..
1538 592 1570 714 :³v
1703 665 1770 740 aa

458 779 592 870 lieret,
627 774 877 852 consenserunt
904 775 1046 848 tandem
1072 776 1207 872 majora
1232 778 1323 849 mala
1340 797 1564 871 metuentes,
1589 780 1716 879 reliqui
1733 786 1772 859 in

464 879 707 976 Legationem
738 874 890 964 statuum
918 873 960 944 ad
988 870 1190 965 Caesarem,
1224 897 1306 968 quae
1333 875 1447 948 abeo
1474 897 1632 973 peteret,
1661 884 1772 956 utin

461 975 696 1048 Germaniam
717 973 867 1060 rediret,
895 972 930 1043 ὅ(
944 969 1103 1042 Concilii
1122 972 1422 1044 convocationem
1440 996 1632 1069 procurare
1649 980 1771 1054 vellet.

461 1123 491 1164 „
512 1075 673 1162 Interea,
707 1070 743 1141 &
771 1070 886 1139 donec
914 1066 1122 1139 Concilium
1151 1067 1207 1145 vel
1225 1068 1418 1140 universale
1436 1072 1493 1141 vel
1511 1073 1688 1146 nationale
1707 1076 1771 1149 ha·

463 1221 490 1262 „
509 1172 680 1257 beretur,
715 1165 867 1261 quilibet
894 1165 1065 1260 Princeps
1091 1183 1153 1234 aut
1180 1165 1302 1237 Status
1324 1167 1371 1235 in-
1387 1166 1491 1238 causa
1510 1172 1583 1261 (a),
1617 1193 1699 1264 quae
1726 1173 1771 1247 ad

458 1267 694 1360 „decretum
730 1261 996 1333 Wormatiense
1033 1261 1225 1357 pertineret
1261 1263 1333 1348 (ita
1364 1265 1551 1358 negotium
1587 1269 1771 1365 religionis

456 1394 491 1458 ·„
510 1384 651 1435 autores
689 1359 769 1456 ssyli
805 1356 931 1431 callide
958 1357 1359 1454 circumloquebantur)
1394 1383 1480 1456 erga
1505 1359 1664 1437 subditos
1690 1364 1771 1441 suos

462 1509 490 1555 „
509 1460 577 1532 sese
594 1478 755 1555 gereret,
784 1458 820 1529 &
841 1454 906 1549 ipsi
927 1454 1081 1526 astiones
1100 1456 1137 1527 ὃ(
1157 1457 1266 1526 vitam
1285 1480 1366 1528 eum
1385 1458 1421 1528 in
1439 1458 1587 1530 modum
1606 1460 1771 1538 institue·

461 1610 489 1651 „
509 1578 616 1648 rent,
658 1574 700 1626 ut
725 1555 769 1624 de
794 1555 836 1625 iis
865 1554 1011 1625 Deo&
1035 1550 1171 1622 Caesari
1198 1554 1371 1625 rat-ionem
1399 1554 1545 1628 reddere
1569 1556 1723 1652 possent}
1739 1607 1769 1655 5,

462 1653 577 1728 Causa
594 1675 665 1725 tam
685 1653 781 1722 mitis
798 1649 982 1722 sententiar
1002 1647 1056 1739 (b)
1075 1646 1165 1738 fuit,
1184 1651 1281 1744 quod
1298 1651 1335 1721 in
1355 1652 1450 1723 hunc
1465 1673 1686 1728 conventum
1705 1681 1771 1731 ve·

462 1771 593 1825 nerunt
610 1774 754 1846 quoque
772 1748 880 1843 legati
898 1747 1012 1844 Regis
1031 1745 1232 1840 Hungariae
1252 1746 1457 1840 Ludovici‚
1487 1752 1659 1824 auxilium
1679 1777 1769 1828 con-

462 1870 517 1922 tra
543 1850 683 1921 Tur-cas
709 1867 895 1942 rogantes,
932 1845 969 1916 &
996 1843 1104 1939 paulo
1131 1841 1211 1936 post
1229 1845 1355 1937 perlati
1374 1845 1454 1919 sunt
1470 1849 1578 1920 etiam
1597 1849 1711 1925 tristes
1726 1853 1772 1927 de

463 1946 564 2020 caede
584 1947 685 2018 illius
711 1945 826 2038 Regis
852 1941 987 2014 nuncii.
1031 1939 1178 2012 Etenim
1206 1941 1467 2038 solymannus,
1501 1947 1680 2043 Belgrado
1692 1951 1771 2045 jam

463 2046 621 2142 quinque
648 2044 745 2114 annis
770 2060 851 2112 ante
878 2056 1081 2135 occupato,
1108 2059 1268 2111 moverat
1287 2063 1382 2113 nunc
1401 2042 1436 2112 in
1456 2043 1772 2141 Hungariame&

455 2142 583 2214 omnia
608 2139 776 2213 vastabat.
820 2137 980 2209 Obviam
1007 2135 1059 2206 illi
1088 2134 1357 2230 progressus‘est
1376 2138 1448 2234 ipse
1467 2143 1550 2214 Rex
1569 2142 1771 2219 adolescens

455 2262 524 2311 20.
548 2261 740 2328 annorum,
775 2233 945 2333 siquidem
966 2235 1135 2306 Proceres
1154 2235 1193 2306 lic>
1210 2234 1365 2308 Baiones
1380 2236 1444 2310 sub
1464 2239 1533 2310 alio
1552 2238 1644 2312 duce
1663 2263 1771 2335 quam

458 2337 568 2432 Rege
593 2336 745 2409 militare
771 2333 952 2405 nolebant.
994 2332 1157 2426 Pugnam
1184 2328 1271 2403 verb
1298 2333 1379 2404 iniit
1404 2337 1642 2430 praemature,
1668 2339 1771 2412 Pauli

453 2433 656 2522 ,Tomorei,
692 2433 778 2505 olim
809 2429 953 2518 militis,
988 2428 1109 2524 postea
1138 2428 1315 2501 Monachi
1340 2429 1584 2525 Franciscani,
1619 2455 1655 2507 at
1673 2456 1771 2511 nunc

459 2530 735 2627 Arcbiepiscopi
763 2524 1014 2618 Colozzensrs,
1051 2526 1213 2612 bominis
1232 2525 1442 2601 audacissimi
1464 2530 1631 2606 instinslu
1650 2532 1687 2608 ὅ(
1706 2557 1772 2608 au·

451 2627 651 2717 sternam,
684 2650 794 2721 quum
819 2623 1013 2715 debuisset,
1038 2622 1138 2721 quod
1156 2625 1193 2696 ὅ(
1212 2621 1401 2698 suadebant
1421 2628 1593 2703 Germani
1613 2631 1770 2705 militum

461 2726 611 2813 Duces,
632 2745 785 2819 pugnam
804 2744 929 2795 contra
972 2722 1025 2794 lus
1042 2720 1198 2815 decuplo
1218 2723 1387 2816 majorem
1407 2723 1561 2797 hostium
1582 2750 1772 2803 numerum

454 2818 660 2895 aetreetare
677 2818 732 2891 vel
751 2817 868 2893 saltem
888 2819 924 2890 di
957 2843 1053 2908 erre,
1079 2818 1275 2912 usquedum
1286 2817 1536 2915 Transsylvani
1555 2822 1617 2896 sub
1633 2825 1770 2916 Joban·

462 2943 508 2991 ne
536 2916 691 3015 Zepusro
718 2916 947 2990 advenissent.
990 2918 1150 2992 Tentata
1177 2936 1293 2992 tamen
1313 2919 1427 3014 praelii
1447 2917 1612 3013 fortuna,
1638 2920 1695 2994 sed
1715 2922 1771 2996 in·'

454 3014 635 3110 seliciter,
654 3038 765 3113 quum
785 3014 886 3089 brevi
900 3034 1121 3113 cogerentur
1135 3016 1301 3112 Hungari
1319 3036 1428 3090 tantae
1448 3019 1673 3094 multitudini
1689 3018 1770 3095 suc·

1091 3112 1130 3185 X
1443 3208 1446 3213 .
1559 3140 1570 3147 “’
1666 3144 1773 3195 cum·

456 3299 566 3366 silium
590 3300 771 3384 quoddam,
804 3316 870 3380 quo
895 3290 1136 3385 Compendium
1158 3299 1257 3364 veluti
1281 3294 1389 3366 fistitur
1405 3301 1552 3367 omnium
1568 3316 1770 3385 argumento·

462 3402 554 3457 rum,
587 3383 698 3465 quibus
724 3383 907 3448 reformatio
933 3382 948 3445 a
974 3384 1144 3448 schismatis
1169 3390 1263 3468 culpa
1285 3385 1478 3466 vindicatur,
1510 3385 1601 3461 cujus
1618 3400 1770 3463 tanquam

463 3465 634 3530 solidissimi
659 3467 760 3615 scriqq'
783 3482 967 3550 excerptum
990 3468 1078 3529 uobis
1101 3467 1319 3530 communicat
1336 3466 1421 3530 lesia
1438 3466 1650 3550 dignissimum
1666 3464 1770 3529 SEC-

463 3546 719 3614 KENDORFI
767 3549 787 3614 S
807 3550 887 3613 Hist.
908 3548 1003 3613 Lurb.
1024 3543 1260 3628 L.11.o.xv.
1277 3566 1407 3633 pag.43.
1567 3592 1588 3625 0
1667 3631 1669 3636 ,

507 3635 557 3712 (a)
582 3630 650 3695 Das
673 3636 722 3695 ein
740 3635 774 3715 je
796 3632 888 3695 sicker
911 3636 943 3695 in
961 3632 1102 3714 stachen,
1117 3634 1152 3712 fo
1169 3632 1222 3693 das
1238 3630 1332 3693 Edit}
1348 3629 1443 3693 durch
1461 3628 1554 3715 Kays.
1572 3627 1696 3713 Majest.
1713 3633 1776 3713 Μ

464 3712 532 3775 dem
547 3715 694 3802 reichstag
711 3738 755 3783 zu
771 3657 893 3782 is'orms
904 3715 1067 3802 grhalten,
1090 3737 1281 3800 ausgangen,
1303 3715 1448 3808 belongen
1463 3712 1622 3797 mn'chten,
1634 3716 1768 3796 farficsr

461 3795 524 3876 also
542 3818 585 3864 zu
603 3798 704 3879 seben,
728 3822 772 3867 zu
789 3825 820 3862 rc
843 3803 927 3863 ieren
943 3800 1010 3862 und
1022 3822 1066 3868 zu
1082 3797 1204 3878 hasten,
1223 3800 1283 3860 wie
1299 3800 1348 3860 ein
1358 3798 1448 3880 jeder
1455 3796 1571 3879 folches
1580 3809 1680 3887 gegerl
1692 3804 1768 3871 Gott

461 3881 531 3944 und
544 3880 637 3970 Kaff
656 3883 740 3962 Mai.
757 3825 853 4032 hogis
870 3885 935 3946 und
949 3900 1093 3947 vertraut
1110 3905 1154 3949 zu
1171 3898 1412 3945 averantworten.
1752 3886 1757 3894 '

502 3967 555 4047 (b)
581 3966 625 4030 lta
641 3966 781 4032 PERIZ
822 3966 865 4031 N.
887 3969 916 4032 in
934 3967 1013 4032 Hill.
1032 3965 1213 4032 seoxvl.
1232 3983 1427 4049 p.143,144.
1450 3988 1518 4033 rem
1535 3984 1650 4050 narrat,
1667 3991 1768 4052 quan·

461 4070 560 4131 quam
584 4072 692 4116 revera
716 4053 809 4115 etiam
834 4052 1047 4116 ferdinandus
1073 4070 1149 4115 cum
1166 4049 1293 4130 reliquis
1311 4049 1438 4122 Caesaris
1456 4053 1597 4118 ministris
1613 4054 1681 4119 satis
1698 4073 1767 4136 per-

462 4132 630 4217 spicerent,
662 4151 820 4217 quantum
843 4135 917 4198 mali
933 4135 1004 4199 inde
1020 4133 1095 4199 esset
1111 4143 1358 4218 proventurum,
1379 4132 1401 4200 si
1419 4137 1528 4202 animis
1544 4138 1622 4201 adeo
1636 4142 1767 4202 exulce-

460 4218 533 4280 ratis
555 4235 733 4292 conventus
750 4216 852 4282 suisset
867 4217 1008 4296 solutus,
1031 4235 1090 4284 aut
1101 4221 1227 4283 decreto
1244 4222 1338 4283 nullo
1354 4218 1439 4285 fado
1455 4221 1604 4307 principes
1621 4221 1769 4289 discessis·

458 4297 548 4381 seut;
570 4321 603 4367 r.
621 4302 658 4369 P.
677 4301 806 4369 SARP.
826 4302 905 4369 Hist.
924 4301 1054 4370 Concil.
1073 4302 1167 4371 Trid.
1185 4324 1215 4388 p.
1227 4318 1277 4387 32.
1294 4304 1344 4370 ed.
1360 4302 1434 4372 Lat.
