4442 5150
494 644 565 728 314
681 613 1557 695 HISTORIAEVANGELII
1634 618 1804 715 Anyto.

491 757 623 854 quibus
647 751 872 826 manifestum
902 750 978 822 fieri
1004 747 1145 847 allerit,
1180 748 1275 845 quod
1296 750 1602 846 oecolampadius
1623 750 1667 822 de
1687 755 1806 848 prima

492 855 703 950 cumprimis
730 848 976 946 propositione
1002 870 1074 919 tam
1101 848 1293 920 artificiose
1321 854 1357 921 bt
1381 846 1571 920 christiane
1592 847 1806 944 disputarit,

472 964 535 1024 *nt
562 976 667 1023 nemo
682 949 980 1037 ,Christianorum
1000 947 1190 1041 quicquam
1212 947 1263 1016 illi
1282 945 1386 1042 poffit
1404 969 1611 1043 opponere,
1638 968 1746 1043 atque
1763 970 1808 1023 ut

494 1049 554 1122 illa
570 1069 794 1144 quantocyus
810 1041 943 1134 sincere
961 1044 1215 1140 publicentur,
1233 1046 1711 1138 iterataviceexoptaverat:
1738 1047 1809 1119 Pe·

493 1148 622 1218 tierant
648 1145 740 1215 idem
765 1144 959 1239 Tigurini,
987 1145 1072 1238 quin
1091 1138 1166 1210 imb
1185 1163 1225 1211 ut
1243 1165 1283 1210 ea
1300 1144 1488 1214 ederentur
1505 1166 1578 1212 non
1596 1161 1673 1213 tota
1691 1144 1808 1218 modb

492 1242 685 1315 Germania
710 1239 768 1312 sed
795 1241 995 1310 communis
1022 1239 1133 1309 totius
1159 1240 1340 1310 Helvetiae
1370 1241 1525 1335 populus
1553 1239 1658 1330 (teste
1677 1241 1806 1314 Zwin·

492 1341 570 1437 glio
589 1341 663 1432 (al)
691 1337 929 1433 efflagitabat,
964 1334 1205 1432 petebantque
1232 1336 1302 1407 hoc
1325 1361 1459 1427 unum,
1487 1357 1670 1432 quotquot
1688 1364 1733 1410 ex
1754 1341 1806 1413 E·

492 1439 647 1533 vangelii
667 1435 910 1509 sectatoribus
927 1433 1160 1530 disputationi
1180 1435 1265 1506 huic
1284 1433 1536 1508 interfuerunt.
1565 1435 1635 1507 Sed
1655 1439 1806 1534 nequic-

493 1558 598 1632 quam
618 1536 697 1606 haec
717 1535 848 1604 omnia.
1246 1570 1248 1574 f

541 1636 641 1704 Tum
662 1629 770 1721 verb,
797 1630 867 1701 Vir
884 1627 1026 1724 quidam
1045 1628 1234 1725 egregius,
1262 1625 1403 1702 Thomas
1420 1632 1462 1700 ab
1480 1629 1605 1724 Hoffen
1624 1630 1703 1724 (b),
1725 1633 1806 1726 qui·

494 1753 563 1827 que
591 1730 742 1825 praesens
763 1727 1009 1822 Disputationi
1030 1725 1179 1799 Badensr
1198 1725 1295 1798 testis
1314 1725 1544 1818 interfuerat,
1569 1748 1677 1824 atque
1692 1729 1807 1803 seffio·

492 1851 537 1898 rre
554 1830 747 1922 unoquovis
765 1825 943 1914 absoluta,
963 1822 1101 1894 sedulus
1120 1825 1219 1896 domi
1238 1847 1319 1919 quae
1339 1824 1436 1921 gesta
1453 1822 1591 1898 ditlave
1603 1846 1726 1918 erant,
1745 1852 1807 1900 an·

493 1944 700 2013 notaverat,
727 1928 947 2020 Argentorari
971 1940 1013 1992 ut
1041 1922 1120 1991 haec
1148 1940 1270 1992 notata
1289 1922 1582 2018 imprimerentur
1599 1926 1677 2018 (c),
1703 1947 1808 1997 cura-

492 2021 569 2110 vit,
604 2021 721 2091 minus
747 2018 846 2091 certe
873 2018 997 2113 plena,
1030 2041 1096 2090 nec
1122 2017 1202 2090 satis
1228 2040 1414 2111 accurata,
1442 2039 1504 2093 aut
1521 2044 1603 2118 quae
1621 2020 1806 2118 publicam

409 2144 412 2150 ·
493 2117 664 2191 habereut
690 2115 822 2209 fidem,
856 2114 912 2187 sed
938 2112 982 2187 eb
1002 2136 1119 2188 tamen
1139 2138 1365 2213 comparata,
1390 2137 1434 2189 ut
1452 2119 1518 2190 hac
1537 2122 1674 2192 ratione
1691 2120 1805 2216 proli-

493 2238 575 2288 cere
601 2213 794 2312 potuilset,
827 2237 931 2309 quam
950 2237 1073 2286 omnes
1091 2213 1179 2286 boni
1197 2214 1438 2311 expetebant,
1464 2217 1503 2290 δι
1522 2241 1629 2315 quam
1648 2215 1808 2291 Pontifi-

493 2314 541 2386 cii
560 2313 826 2398 aversabantur,
853 2311 1034 2408 publicam
1054 2311 1211 2404 ipsorum
1231 2310 1408 2385 Abiorum
1427 2315 1658 2410 originalium
1675 2315 1808 2387 editio·

492 2433 594 2484 nem:
632 2408 781 2506 Wolfg.
809 2409 851 2481 F.
878 2409 1082 2483 CAPITO
1109 2409 1327 2509 Theologus
1355 2411 1647 2509 Argentinensis,
1672 2432 1715 2486 ut
1731 2429 1809 2487 erat

492 2531 610 2581 retum
630 2509 769 2583 illarum
789 2530 862 2581 non
880 2508 1043 2606 ignarus,
1062 2531 1147 2580 cum
1166 2509 1415 2607 typographus
1434 2511 1539 2607 hujus
1556 2511 1724 2586 editionis
1740 2535 1805 2585 ex-

492 2608 630 2703 emplar
656 2606 834 2705 quoddam
861 2607 903 2679 ad
930 2606 1156 2702 Zwinglium
1185 2609 1369 2701 mitteret,
1404 2608 1522 2682 literas
1549 2610 1719 2706 quasdam
1742 2632 1806 2684 ex·

492 2702 706 2779 hortatorias
722 2704 876 2802 adjecit,
903 2705 1031 2803 quibus
1049 2706 1077 2777 is
1094 2704 1320 2802 Zwinglium
1338 2706 1609 2800 exhortaretur,
1627 2728 1668 2781 ut
1687 2708 1810 2806 fiquae

492 2801 596 2899 plura
623 2804 679 2876 vel
708 2805 760 2875 his
786 2803 935 2876 meliora
957 2804 1101 2874 haberet
1119 2799 1140 2873 al
1157 2801 1225 2877 suis
1243 2804 1365 2877 amicis
1385 2802 1450 2878 sibi
1469 2804 1685 2903 perscripta,
1721 2857 1748 2899 „
1765 2824 1809 2880 ut

491 2953 520 2995 ‚,
538 2926 578 2974 ea
604 2903 782 2999 impertiri
808 2923 881 2971 non
908 2899 1120 2974 detredlaret
1139 2899 1217 2995 (d),
1251 2901 1302 2975 fic
1319 2902 1415 2975 enim
1434 2905 1596 2976 omnium
1615 2903 1756 3001 optime
1774 2902 1812 2977 se

491 2997 647 3094 „ipsam
676 2998 835 3070 adlorum
862 3016 969 3095 atque
995 3002 1308 3072 concertationum
1336 3007 1350 3094 (
1378 3023 1434 3071 uae
1452 3024 1575 3074 omnes
1592 3002 1810 3074 verbotenus

491 3146 521 3189 „
539 3092 560 3167 d
581 3097 727 3168 notariis
743 3113 908 3191 exceptae
927 3100 1041 3183 erant)
1060 3097 1329 3194 evulgationem
1346 3022 1390 3169 alb
1406 3095 1608 3169 adversariis
1624 3100 1811 3172 eliciturot

490 3244 520 3288 „
539 3190 626 3267 effe:
646 3246 675 3287 „
702 3194 779 3265 Has
799 3193 915 3267 literas
933 3218 1102 3276 unacum
1122 3193 1286 3293 pluribus
1304 3196 1381 3293 ejus
1399 3194 1511 3269 libelli
1530 3195 1703 3290 exemplis
1721 3218 1806 3290 quae

1742 3313 1808 3388 per

533 3440 584 3520 (a)
609 3435 832 3505 ZWINGL.
858 3436 957 3521 Opes.
982 3432 1028 3501 T.
1047 3435 1090 3502 ll.
1114 3436 1173 3502 fol.
1190 3434 1262 3519 598.
1285 3457 1313 3501 a.

532 3525 585 3604 (b)
612 3524 685 3588 Fuit
700 3525 722 3589 is
742 3521 832 3606 Reip.
848 3519 1294 3606 BeruenliiCommeutatiis,
1312 3517 1439 3586 utiertE
1463 3517 1807 3587 illolaZWlNGLll

493 3604 538 3669 A.
552 3620 643 3683 1527.
667 3609 703 3671 ad
721 3607 823 3690 ipsum
839 3606 909 3670 data
925 3607 1130 3687 collucescit,
1154 3625 1186 3665 v.
1206 3604 1238 3669 0
1262 3627 1292 3689 p.
1309 3603 1409 3671 ZWI
1455 3603 1532 3669 GL.
1550 3605 1633 3670 T.l.
1652 3602 1766 3689 p.418.

535 3691 587 3767 (c)
611 3688 742 3752 Titulus
763 3691 865 3754 >libelli
888 3691 977 3755 uobis
1000 3692 1037 3754 ab
1062 3690 1106 3753 H.
1131 3628 1360 3753 HARbTIO
1384 3689 1515 3753 refertur
1539 3691 1570 3754 in
1596 3689 1742 3774 Autogra
1763 3688 1812 3753 his

493 3768 626 3836 Lutheti
642 3770 687 3833 T.
699 3773 758 3835 lll.
777 3793 806 3855 p.
820 3791 888 3855 147.
912 3772 1112 3859 Warbaftige
1126 3770 1284 3857 bandlung
1299 3772 1354 3834 der
1369 3772 1556 3860 disputariue
1573 3776 1607 3837 in
1623 3773 1726 3837 Obern
1741 3712 1809 3837 lra-

493 3854 552 3915 den
568 3854 620 3915 des
637 3851 681 3915 l).
699 3854 788 3919 Hans
802 3855 912 3941 Fabri,
932 3855 1018 3939 Joan
1034 3855 1139 3920 Eckerr
1156 3855 1222 3917 und
1235 3854 1318 3918 iares
1329 3857 1519 3945 graualtigen
1536 3857 1692 3943 anbaengs,
1710 3878 1811 3942 gegen

491 3933 567 4018 Joh.
586 3937 870 4024 Oecolarnpalium,
893 3943 960 4005 und
974 3943 1032 4004 den
1049 3941 1177 4003 dienern
1193 3940 1245 4001 des
1260 3957 1376 4021 worts,
1399 3944 1590 4029 angefangerr
1606 3942 1670 4020 anf
1678 3941 1738 4004 len
1758 3958 1807 4020 19.

492 4014 560 4107 Tag
576 4020 662 4102 Maji
679 4020 767 4084 Anno
780 4025 871 4099 1526.
896 4024 1051 4113 Zwinglr'i
1067 4040 1204 4088 anrwort
1220 4025 1283 4104 auf
1294 4024 1399 4089 Ecken
1414 4026 1627 4091 Schlusreden.
1652 4022 1683 4088 8.

531 4106 585 4187 (d)
611 4103 859 4171 HOTTING.
884 4108 984 4174 Helv.
1009 4111 1051 4174 K.
1071 4110 1116 4175 G.
1140 4128 1209 4195 pag.
1228 4100 1300 4192 328.
1340 4110 1404 4176 Sed
1429 4112 1459 4177 dt
1484 4113 1563 4177 lianc
1588 4104 1750 4193 Capitonis
1768 4106 1810 4170 ad

486 4188 703 4271 Zwiuplr'um.
718 4188 892 4275 Epistolam
916 4213 954 4259 ex
979 4190 1084 4258 Mss.
1111 4195 1286 4280 edendam,
1316 4196 1504 4283 subjungere
1528 4195 1632 4262 risam
1653 4192 1713 4259 fuit
1732 4190 1813 4257 huic

489 4274 680 4361 volumini,
702 4275 780 4344 iuter
798 4274 1116 4351 documentum.
1130 4276 1268 4347 XVlll.
