4442 5150
454 685 624 779 A.1526·
789 673 829 748 R
876 671 910 745 E
960 668 1003 745 N
1052 669 1090 745 Ο
1139 666 1178 745 V
1226 670 1260 744 A
1309 667 1348 747 T
1397 673 1428 748 Ι.
1620 714 1625 720 ·
1697 700 1762 782 33¹

456 804 501 884 E'
521 812 684 904 iscopum
707 821 778 877 tam
797 826 861 896 per
879 802 1017 891 literas,
1043 825 1148 898 quam
1167 802 1305 901 legatos
1323 829 1366 878 eo
1386 829 1596 900 permovere
1614 833 1763 891 conatus
1825 874 1829 883 .

456 836 529 1000 eli,
563 925 605 977 ut
630 927 703 975 non
731 900 930 996 Dillingae,
962 897 1020 971 sed
1048 899 1224 997 Augustae
1245 901 1543 998 vindelicorum,
1570 932 1651 1004 quae
1668 908 1764 988 sedes

456 1002 669 1100 episcopalis
695 998 767 1089 est,
800 998 855 1086 ei,
889 1019 962 1067 uno
988 995 1045 1067 vel
1072 996 1213 1070 duobus
1237 997 1370 1072 ordinis
1397 1001 1590 1077 Senatoriis
1609 1005 1763 1104 stipato,

456 1122 685 1197 comparere,
705 1093 911 1189 causamque
927 1092 1021 1163 suam
1041 1115 1146 1190 agere
1163 1094 1399 1186 liceret,·s1de
1416 1099 1514 1192 prius
1532 1100 1598 1194 ipli
1615 1105 1762 1197 publica

456 1199 559 1285 data,
593 1219 638 1267 ne
656 1193 773 1266 insons
789 1185 846 1262 iel
864 1193 900 1260 in
918 1211 1096 1262 carcerem
1115 1190 1384 1286 detruderetur,
1409 1194 1466 1272 vel
1483 1193 1526 1265 ad
1545 1196 1607 1293 sqp
1636 1200 1761 1276 licium

456 1313 649 1389 raperetur.
677 1290 814 1363 Verum
833 1284 994 1359 Praesulis
1011 1290 1148 1359 animus
1166 1289 1350 1384 quibusvis
1368 1289 1534 1384 precibus
1551 1292 1576 1363 fl
1637 1298 1649 1366 i
1667 1297 1763 1373 haud

457 1391 602 1485 potuit,
621 1388 801 1483 legatique
819 1409 855 1458 re
874 1380 1003 1455 insedla
1021 1383 1171 1456 domum
1189 1385 1334 1458 rediere.
1362 1391 1484 1483 Atque
1501 1388 1549 1460 ita
1558 1393 1762 1468 anathema·
1826 1397 1829 1404 '

456 1490 501 1560 tis
518 1486 669 1560 fulmine
688 1486 723 1555 in
742 1506 824 1553 eum
842 1479 1005 1553 saevitum
1024 1480 1154 1572 est,.&
1172 1482 1283 1555 valvis
1302 1484 1430 1580 templi
1449 1486 1487 1558 S.
1502 1487 1654 1561 Martini
1670 1515 1761 1566 noc·

456 1603 497 1656 tu
523 1580 694 1680 appensa,
727 1579 806 1671 sed,
831 1597 1018 1673 antequam
1038 1577 1297 1670 innotesceret,
1323 1581 1366 1652 ad
1385 1581 1628 1680 magistratum
1647 1586 1764 1663 delata

450 1681 536 1754 baec
562 1677 613 1754 est
638 1676 824 1765 schedula,
858 1727 884 1766 ‚,
905 1675 980 1744 Hic
1007 1671 1220 1746 austoritate
1243 1676 1419 1749 ordinaria
1443 1681 1678 1757 denunciatur
1695 1685 1761 1759 ex&

456 1776 786 1868 „communicatus
809 1797 850 1843 ac
871 1771 1071 1842 declaratur
1089 1768 1346 1847 Christofferus
1365 1775 1583 1874 Schappeler
1600 1781 1763 1878 piedica·

457 1923 485 1964 ,‚
506 1893 564 1946 tor
582 1872 707 1969 oppidi
727 1869 981 1965 Memmingen
998 1866 1047 1938 ob
1064 1891 1137 1939 non
1156 1870 1373 1962 paricionem
1392 1876 1592 1948 monitorii.
1622 1876 1765 1956 Contra·

454 1994 580 2062 „eum
609 1969 791 2042 decretum
820 1967 859 2040 &
885 1983 1078 2038 executum
1101 1966 1252 2039 instante
1269 1965 1356 2041 fisco
1373 1971 1424 2042 R.
1442 1971 1484 2044 P.
1512 1972 1549 2046 &
1569 1973 1619 2047 D.
1638 1975 1689 2050 D.
1716 1977 1765 2054 E.

454 2092 481 2159 ,3
499 2068 640 2164 piscopi
668 2061 912 2163 Augustensrs.
931 2113 958 2153 ‚,
999 2060 1187 2136 Prolixum
1214 2063 1331 2159 soret,
1365 2065 1496 2143 referre
1513 2073 1654 2167 omnia,
1669 2098 1764 2170 -quae

454 2165 621 2260 deinceps
647 2162 712 2236 hac
739 2164 777 2233 in
803 2184 840 2233 re
866 2159 964 2232 ultro
991 2159 1158 2255 citroque
1183 2160 1280 2258 gesta
1298 2161 1390 2237 sunt.
1432 2162 1597 2242 Sufficiat
1614 2170 1740 2245 dixisse

455 2262 624 2334 Senatum
643 2260 792 2333 ulterius
810 2279 882 2332 tam
900 2254 1017 2347 suam,
1037 2279 1142 2353 quam
1162 2259 1427 2335 concionatoris
1445 2264 1495 2335 sui
1506 2263 1643 2338 causam
1654 2270 1713 2368 egi
1742 2293 1765 2343 e

452 2359 608 2433 mascule
634 2358 672 2429 δε
698 2357 794 2453 apud
822 2353 970 2450 Imperii
999 2353 1157 2426 Ordines
1185 2354 1407 2453 Noribergae
1434 2381 1568 2457 congre
1596 2383 1695 2457 atos,
1723 2370 1765 2445 δι

452 2455 548 2553 apud
568 2451 715 2526 so'ederis
734 2453 879 2524 Suevici
897 2449 1034 2540 socios,
1058 2449 1187 2547 quibus
1206 2453 1510 2551 Memmingenses
1527 2385 1702 2554 subiectos
1720 2485 1763 2537 ac

453 2550 585 2623 invisos
610 2545 754 2622 reddere
779 2547 994 2632 moliebatur
1018 2545 1152 2621 Praesul
1179 2548 1433 2648 Augustanus,
1472 2554 1688 2656 tandemque
1715 2561 1764 2637 A.

453 2645 697 2721 MDXXIV.
715 2645 795 2741 d.7.
807 2645 1021 2720 Decembris
1035 2644 1296 2719 Eucharistiam
1345 2650 1432 2720 rima
1448 2651 1529 2725 vice
1541 2652 1603 2726 sub
1615 2676 1766 2754 utraque

455 2744 572 2841 specie
590 2747 683 2817 inter
693 2742 991 2839 Memmingensrs
1002 2743 1277 2818 administratam
1336 2770 1367 2818 e.
1394 2746 1532 2819 Eodem
1543 2771 1766 2827 autemanno·

453 2843 491 2934 in
508 2841 598 2916 fello
616 2840 811 2915 nativitatis
821 2838 956 2913 Christi
976 2841 1072 2914 boris
1089 2843 1298 2939 vespertinis
1316 2843 1353 2914 in
1365 2844 1462 2916 D.·V
1465 2846 1588 2943 irginis
1599 2850 1764 2947 templo,

454 2938 620 3015 sacrificis
637 2962 745 3013 omne
762 2935 836 3012 sere
853 2937 940 3010 illud
956 2957 1121 3036 tempus,
1140 2939 1238 3038 quod
1251 2940 1402 3015 fermoni
1416 2939 1513 3015 sacro
1528 2943 1690 3019 habendo
1700 2946 1764 3023 de·

453 3038 620 3113 siluarum
648 3057 745 3130 erat,
773 3035 1013 3126 cantillando,
1038 3034 1252 3135 fumiganda
1268 3040 1415 3137 aliisque
1432 3040 1561 3116 ritibus
1578 3043 1763 3120 absumen·
1846 3106 1848 3110 .

454 3136 571 3230 tibus,
597 3162 670 3211 non
690 3137 784 3209 leves
802 3154 941 3207 exortae
958 3132 1040 3207 sunt
1058 3135 1199 3229 turbae,
1226 3160 1307 3235 quae
1325 3157 1444 3212 tamen
1462 3141 1600 3234 rursus,
1626 3143 1769 3236 Joanne

453 3232 623 3330 Kellero,
658 3232 838 3325 Consule,
866 3231 1033 3304 maximae
1052 3230 1275 3309 auctoritatis
1293 3237 1393 3330 viro,
1419 3237 1567 3334 aliisque
1583 3239 1642 3311 sex
1659 3237 1680 3309 ἐ
1698 3238 1764 3311 Se·

452 3350 616 3404 natorum
634 3332 758 3403 ordine
775 3327 1118 3420 intervenientibus,
1143 3328 1269 3425 sopitae
1287 3332 1444 3406 maurit.
1474 3336 1512 3425 Ji
1530 3335 1623 3407 enim
1642 3355 1763 3431 popu·

389 3486 395 3507 ‚
454 3425 518 3516 lo,
553 3427 784 3500 imonachis
810 3424 843 3499 se
870 3424 991 3498 deludi
1018 3422 1170 3519 indigne·
1190 3428 1343 3519 ferenti,
1376 3452 1417 3501 ac
1444 3428 1520 3501 illas
1545 3430 1790 3506 ceremonias,

455 3519 634 3595 nauseanti
661 3524 922 3619 promiserunt,
954 3520 991 3593 se
1014 3540 1222 3613 curaturos,
1246 3541 1289 3595 ut
1308 3523 1516 3622 propediem
1535 3518 1765 3620 magistratus

416 3639 420 3645 ·
454 3617 619 3714 auspiciis
641 3620 850 3716 Disputatio
873 3618 1019 3718 publica
1037 3619 1074 3690 in
1091 3619 1301 3692 curialiter
1319 3620 1598 3715 Seliappelerum
1617 3622 1766 3721 ejusque

454 3713 667 3787 adversarios
695 3717 949 3791 institueretur.
994 3715 1235 3815 Anno-igitur
1253 3716 1475 3790 MDXXV.
1500 3716 1673 3818 postridie
1689 3724 1764 3799 Ca·

454 3812 573 3889 lendas
591 3814 746 3907 Januarii
764 3813 974 3891 austoritate
991 3814 1140 3984 pubssca
1157 3818 1192 3887 in
1210 3815 1344 3888 curiam
1360 3818 1553 3892 convocati
1571 3814 1670 3897 suere
1682 3846 1764 3897 om·

1105 3932 1170 3985 tr.
1425 3941 1428 3951 ·
1709 3944 1765 3997 res

455 4060 550 4144 peleri
581 4058 636 4123 sub
667 4055 874 4140 christophori
897 4058 1030 4122 Sartorii
1054 4058 1184 4122 nomine
1204 4060 1243 4124 ad
1267 4059 1469 4148 Zwiuglium
1492 4064 1601 4151 scripta
1624 4064 1763 4148 Epistola

456 4142 546 4223 plane
571 4144 712 4223 evincat,
745 4159 843 4223 quarn
866 4141 933 4205 isias
958 4142 1060 4208 turbas
1082 4144 1175 4288 plane
1191 4145 1383 4213 abhorruerit
1397 4146 1446 4213 vir
1460 4152 1612 4229 eximius,
1643 4151 1715 4214 licet
1730 4150 1763 4214 iu

456 4227 550 4312 altera
573 4245 706 4313 quoque
728 4238 813 4310 parte
834 4222 965 4303 nimiam
986 4222 1018 4289 in
1041 4243 1076 4289 ru
1106 4226 1171 4291 icos
1186 4225 1381 4301 severitatem
1395 4233 1642 4319 minus'probare
1657 4230 1762 4297 videa'·

457 4321 517 4369 rur.
1658 4338 1660 4341 ·

1635 4443 1646 4476 l
