4442 5150
455 645 525 725 286
643 631 1029 718 HISTORIA
1074 628 1516 706 EvaNchtt
1572 635 1762 737 daras.

456 773 680 851 clariliimum
708 774 760 846 D.
777 767 997 844 Thesbarum
1022 768 1045 835 ὰ
1072 765 1289 859 Gnrflngk,
1324 767 1537 836 francisca
1562 769 1696 866 Ziugk,
1721 774 1763 848 δι

455 877 659 952 Μῖιῶαὲίω
684 870 833 954 Sanan,
867 867 929 960 qui
954 883 1078 931 ornnes
1101 861 1218 931 adbuc
1245 864 1282 932 in
1307 861 1518 953 nivisium,
1544 866 1582 936 dt
1599 890 1659 938 me
1676 870 1763 944 talia

456 978 636 1044 dicentem
654 968 781 1062 saepius
798 963 974 1032 audivere,
1002 956 1105 1048 Quin
1122 958 1168 1027 de
1184 956 1260 1052 ipso
1274 958 1462 1029 Cardinale
1480 983 1582 1032 certo
1600 987 1763 1057 pronun.

456 1073 551 1142 ciare
576 1065 736 1163 pullum,
773 1063 868 1130 hunc
896 1079 968 1128 non
986 1053 1090 1124 semel
1109 1056 1361 1125 tantummodo
1377 1060 1537 1128 animum
1554 1059 1656 1132 fuum
1676 1088 1765 1157 pro-

455 1163 580 1235 didille
607 1167 641 1234 in
669 1163 749 1232 lraec
776 1158 894 1227 verba.
927 1204 955 1243 „
973 1152 1088 1242 Quod
1108 1150 1133 1220 li
1150 1154 1285 1221 domini
1303 1153 1495 1224 clementia
1511 1180 1569 1226 me
1587 1160 1624 1228 in
1642 1161 1765 1255 pristi.
1855 1231 1864 1240 =

456 1284 587 1354 „num
614 1257 799 1355 dignitatis
826 1254 863 1325 ἃ
890 1253 1030 1343 imperii
1057 1250 1178 1318 locum
1207 1248 1428 1338 restitueret,
1459 1273 1500 1323 ut
1528 1257 1563 1323 in
1582 1278 1692 1347 portu
1709 1285 1766 1334 m

457 1410 485 1451 ‚‚
504 1382 593 1428 meae
618 1357 883 1429 collocarentur
908 1356 921 1438 (
924 1351 997 1441 jam
1017 1367 1094 1427 tum
1112 1348 1207 1415 enim
1227 1346 1293 1440 ipli
1313 1347 1506 1438 Pontifici,
1532 1351 1571 1423 dc
1590 1353 1766 1429 Cardina·

456 1509 484 1548 „
504 1457 590 1526 lium
618 1454 721 1551 gregi
750 1447 878 1521 invisus
900 1446 1027 1516 borum
1047 1442 1331 1538 indignationem
1350 1444 1557 1528 sustinebat)
1577 1450 1651 1521 huc
1667 1476 1772 1539 certe¹

456 1605 484 1645 „
502 1576 625 1623 omnes
642 1572 768 1622 nervos
786 1542 982 1616 intensurus
996 1538 1124 1629 effcm,
1150 1559 1192 1610 ut
1210 1542 1368 1611 Romani
1389 1542 1577 1617 Pontificis
1596 1547 1705 1622 fastus
1718 1551 1764 1624 fi·

455 1703 484 1744 „
503 1650 577 1720 mul
604 1649 641 1721 bt
670 1642 915 1739 imposturam
934 1641 1051 1710 lucem
1071 1634 1251 1735 protrac‘ta
1263 1640 1359 1733 julla
1375 1641 1494 1736 aliqua
1511 1641 1766 1724 reformatione

453 1799 481 1837 ‚,
499 1746 781 1818 emendarentur.
799 1792 826 1830 ‚‚
873 1739 919 1808 Et
946 1735 1072 1830 saepius
1098 1735 1227 1805 deinde
1253 1737 1440 1808 nobiscum
1469 1739 1515 1809 de
1539 1739 1703 1816 dostrina
1724 1748 1764 1822 ὃς

455 1845 561 1916 Sacra
588 1843 773 1937 Scriptura
800 1835 981 1920 diuum,
1008 1833 1144 1927 semper
1161 1853 1278 1903 tamen
1298 1834 1395 1904 bunc
1413 1837 1569 1908 animum
1587 1843 1765 1936 prodens,

455 1942 516 2037 qui
546 1936 824 2009 Romanensrum
850 1955 984 2002 errores
1011 1925 1125 2024 probe
1149 1928 1405 2024 cognosceret,
1440 1934 1478 2004 ὅ(
1505 1939 1675 2032 cognitos
1691 1940 1765 2012 im·

456 2037 636 2131 probaret.
669 2033 797 2124 Qualis
816 2026 903 2099 vero
921 2028 1012 2096 idem
1033 2028 1092 2096 hic
1111 2026 1231 2118 postea
1248 2025 1376 2116 fuerit,
1403 2032 1614 2129 qualemque
1628 2034 1664 2108 se
1679 2058 1764 2133 ges·

456 2131 560 2221 serit,
587 2131 726 2201 nonest
746 2131 850 2220 buius
869 2127 939 2196 loci
960 2124 1014 2193 vel
1035 2125 1205 2215 temporis
1220 2147 1411 2219 exponere.

502 2226 687 2302 Caeterum
716 2227 759 2299 de
785 2225 987 2295 adhaerente
1014 2222 1192 2292 unicuivis
1217 2225 1323 2292 etiam
1345 2222 1464 2316 fideli,
1490 2229 1667 2322 pravitate
1684 2256 1762 2304 car·

448 2329 529 2418 nis,
558 2329 587 2397 is
607 2329 654 2397 ita
673 2326 744 2422 stul:
788 2375 815 2415 ‚‚
835 2319 1018 2410 Quamdiu
1039 2320 1074 2387 in
1092 2317 1211 2389 seculo
1231 2319 1301 2391 hoc
1321 2322 1357 2393 ὅ(
1378 2323 1515 2393 mundo
1532 2329 1763 2423 corruptibili

451 2476 480 2518 ‚‚
498 2425 674 2514 vivimus,
709 2423 890 2517 ingenium
912 2421 1127 2490 &naturam
1144 2415 1238 2487 suam
1257 2442 1341 2488 caro
1359 2442 1431 2490 non
1447 2421 1588 2496 deserit.
1614 2424 1678 2497 Est
1694 2450 1760 2498 au·

453 2543 572 2617 „tem
594 2523 671 2593 hac
689 2540 876 2614 arrogans,
902 2514 1104 2612 philautos,
1129 2513 1369 2589 ambitiosa&
1389 2518 1587 2596 confidens.
1620 2523 1762 2617 Quam·

453 2671 480 2712 „
500 2622 553 2692 vis
579 2616 666 2690 verb
686 2618 841 2690 coelellis
860 2636 959 2710 pater
978 2615 1116 2707 Spiritu
1134 2610 1196 2683 suo
1215 2613 1396 2685 hominem
1416 2617 1568 2710 aliquem
1587 2625 1763 2717 attrahat,

453 2736 541 2813 „ut
570 2716 590 2788 ‘i
616 2716 758 2790 summis
786 2716 853 2784 illis
879 2713 916 2784 dt
942 2711 1154 2805 capitalibus
1174 2710 1320 2806 flagitiis
1339 2714 1488 2785 omnino
1507 2716 1596 2789 liber
1616 2718 1681 2813 fit,
1707 2747 1764 2794 re·

453 2836 642 2910 „manent
669 2835 785 2884 tamen
813 2812 929 2882 adbuc
956 2830 1011 2879 tot
1038 2832 1079 2878 ac
1105 2827 1216 2878 tantae
1244 2830 1473 2903 peccatorum
1502 2816 1685 2911 reliquiae,
1720 2839 1764 2892 ut

453 2915 670 3004 „continua
691 2911 806 2980 adbuc
827 2911 861 2980 &
883 2908 1088 2999 quotidiana
1107 2906 1235 2998 pedum
1258 2908 1393 2976 lotione
1411 2932 1501 3001 opus
1521 2912 1668 3002 habeat,
1696 2928 1764 2987 ω’.

452 3059 479 3102 ,,
495 3010 552 3101 jus
579 3008 651 3101 ipsc
678 3029 822 3102 quoque
849 3005 1028 3076 Dominus
1054 3002 1152 3095 Jelus
1180 3003 1343 3075 Christus
1375 3005 1460 3096 Joh.
1479 3004 1595 3078 Xlld.
1633 3014 1762 3084 memi-

502 3123 567 3176 ntt.
1642 3157 1646 3163 .

453 3156 482 3199 ’⁹
502 3202 544 3273 ln
576 3153 792 3294 l’r’naginibus
818 3195 1048 3269 demoliendis
1075 3220 1179 3292 quarn
1202 3196 1271 3292 ipse
1290 3199 1409 3268 omnia
1427 3202 1561 3273 caverit
1579 3226 1760 3302 extrema,

478 3300 587 3396 uippe
618 3298 678 3394 qui
710 3298 815 3368 etiam
846 3292 1116 3392 reprehensione
1142 3296 1270 3389 dignos
1304 3297 1487 3388 judicabat
1513 3325 1574 3372 eos
1600 3307 1661 3399 qui
1690 3307 1762 3380 fine

451 3327 657 3472 incrimine
676 3394 934 3467 demolirentur
951 3415 1095 3481 omnes,
1121 3416 1164 3463 ex
1186 3395 1237 3464 his
1255 3396 1330 3489 ejus
1350 3417 1447 3489 patet
1462 3397 1600 3470 verbis:
1628 3454 1654 3493 „
1667 3403 1761 3476 lma.

451 3545 478 3588 ‚‚
498 3500 623 3592 gintrm
644 3494 874 3591 populatores
887 3492 940 3581 (b)
954 3514 1055 3585 aequc
1075 3491 1133 3561 nic
1149 3511 1256 3587 arque
1270 3496 1503 3565 etiamearum
1516 3494 1763 3575 defensores&

451 3640 478 3684 ,‚
498 3596 637 3687 patroni
655 3615 768 3666 errare
786 3588 921 3675 solent3
953 3589 1030 3685 Qui
1051 3591 1144 3659 enirn
1166 3590 1225 3660 has
1245 3588 1347 3660 semel
1369 3593 1531 3684 populari
1549 3596 1584 3666 ὃ(
1601 3599 1762 3671 confrin-

452 3737 479 3780 ‚‚
526 3712 582 3759 ere
601 3690 670 3760 inci
703 3691 802 3778 lunt,
820 3712 942 3761 omnes
963 3687 1134 3781 imagines
1151 3710 1194 3756 ex
1216 3710 1321 3778 aequo
1342 3689 1617 3787 confringendas
1637 3697 1674 3770 bt
1691 3697 1763 3769 tol.

450 3835 478 3877 ‚‚
499 3712 615 3856 findas
635 3715 701 3857 cub
721 3786 883 3877 censent,
903 3809 984 3857 cum
1005 3806 1122 3856 tamen
1141 3779 1212 3854 sola
1232 3783 1347 3873 idola,
1366 3810 1447 3881 quae
1463 3789 1505 3858 ad
1516 3790 1663 3865 deorum
1677 3795 1762 3865 ima-

450 3933 477 3974 „
495 3882 595 3993 gines
615 3878 764 3955 formata
783 3884 823 3956 ad
845 3886 983 3957 cultum
1004 3878 1185 3976 prostant,
1210 3880 1434 3953 demolienda
1455 3874 1546 3957 fints
1576 3889 1653 3982 Qui
1674 3889 1760 3962 verb

448 4029 477 4073 „
497 3978 712 4076 imaginibus
732 3982 947 4079 patrocinari
962 3978 1067 4054 semel
1080 3976 1283 4073 instituere,
1303 3979 1373 4054 huc
1387 3980 1565 4079 spedant,
1585 3988 1761 4082 utvulga·

1661 4134 1688 4176 5,
1708 4108 1761 4160 l’eS

491 4205 539 4280 (a)
566 4200 623 4265 ful.
644 4217 716 4283 237.

490 4286 542 4369 (b)
566 4287 625 4352 lol.
644 4303 715 4368 242.
