4442 5150
455 654 523 754 388
647 637 1030 726 HISTORIA
1075 641 1519 717 EVA'NGELII
1597 642 1768 741 A.r52o.
1823 717 1895 763 ·.

453 778 518 848 visi
543 773 797 849 consociationi
817 773 901 847 ess'et
921 770 1064 861 infesta,
1092 771 1227 868 quippe
1244 791 1326 867 quae
1346 788 1483 842 tanturn
1503 766 1636 844 saceret
1654 772 1698 850 ad
1716 771 1768 847 sui

452 871 564 968 ipstus
582 873 618 945 &
637 871 810 946 doctrinm
836 870 1064 966 Evangeiicae
1082 862 1348 954 defensionem
1386 869 1472 938 Hoc
1491 868 1612 964 itaque
1628 870 1770 945 Foedus

455 994 541 1042 curn
562 971 605 1041 A.
623 969 725 1064 1528.
752 969 921 1040 sancitum
937 965 1047 1061 esset,
1067 984 1144 1036 tum
1166 965 1422 1062 San-Gallenses
1436 966 1510 1060 jatn
1530 967 1656 1039 eodem
1675 993 1771 1042 anno
1894 1017 1895 1022 κ

455 1067 570 1139 eidem
599 1067 766 1139 accedere
792 1064 866 1153 (a),
896 1083 1007 1158 atque
1033 1086 1126 1132 anno
1152 1061 1310 1157 sequenti
1333 1085 1437 1155 ¹529·
1468 1061 1583 1134 mense
1599 1064 1773 1154 Januario

455 1167 672 1260 Biennenscr‚
691 1161 806 1235 mense
824 1159 1020 1233 Februario
1028 1159 1254 1255 Mulhusam',
1272 1156 1389 1254 mense
1399 1157 1537 1231 Martio
1548 1159 1771 1260 Baſsseenses‚

315 1285 317 1290 ’
454 1261 569 1358 porro
587 1265 693 1358 etiam
715 1257 1003 1356 Ar‘genttrateases
1019 1257 1147 1327 eodcrn
1165 1256 1235 1327 hoc
1253 1279 1344 1326 anno
1364 1256 1439 1349 (b):
1470 1255 1681 1332 Biennenses
1700 1264 1772 1358 igi-

451 1379 539 1451 ·tur,
558 1383 640 1431 curn
659 1358 880 1432 accrescente
900 1355 1069 1426 intereos
1089 1354 1201 1426 indies
1215 1355 1398 1448 magisque
1408 1351 1694 1430 Reformationis
1710 1383 1773 1432 ne·

451 1459 564 1554 tgntio
592 1458 628 1528 itt
655 1456 724 1528 hoc
753 1454 889 1529 Foedus
916 1452 1181 1544 reciperentur,
1208 1469 1286 1522 turn
1308 1448 1476 1546 singulari
1496 1471 1615 1523 tamen
1635 1457 1777 1531 ratione

454 1576 603 1625 cautum
624 1553 696 1642 est,
728 1605 754 1644 „
773 1551 906 1625 salvum
927 1571 1065 1620 manere
1083 1547 1212 1620 debere
1229 1547 1293 1639 Jus
1312 1545 1484 1642 Episcopi
1505 1566 1672 1646 tanquam
1689 1553 1773 1626 Do·

454 1695 488 1745 -„
506 1653 594 1722 mini
617 1651 776 1748 ipsorutn
796 1647 934 1740 civilis,
960 1641 1181 1742 neque'adeb
1201 1645 1270 1717 hoc
1288 1643 1429 1744 Fredus
1446 1647 1626 1741 pertinere
1643 1650 1710 1724 uifi
1729 1653 1776 1727 ad

457 1797 486 1842 „
503 1747 752 1844 Religionem.
770 1802 797 1842 ‚‚
1084 1802 1087 1807 ,
1160 1751 1165 1757 ’

453 1880 459 1913 ;
506 1845 727 1936 Enimvero,
755 1866 866 1940 quum
893 1840 1015 1915 eadem
1041 1837 1156 1930 ferme
1175 1837 1663 1938 apudBIENNENSES,
1691 1871 1775 1944 quae

456 1944 565 2016 etiam
590 1943 684 2039 apud
703 1937 912 2014 Basileeuses
931 1938 1114 2021 luderetur
1132 1938 1273 2032 sabula,
1301 1960 1408 2036 atque
1426 1941 1623 2015 Procerum
1641 1945 1775 2020 civita-

454 2040 505 2112 εἰς
531 2041 640 2112 animi
666 2039 776 2112 essent
800 2035 925 2128 divid,
960 2037 1178 2131 plurimique
1195 2061 1241 2108 ex
1259 2035 1343 2134 ipsis
1364 2037 1566 2136 Evangelio
1583 2063 1656 2115 non
1673 2043 1775 2117 fave-

451 2152 559 2228 rent,
592 2137 651 2208 alii
680 2158 799 2210 autent
827 2133 880 2206 illi
907 2130 1017 2206 essent
1042 2131 1280 2227 addictione,
1303 2132 1438 2210 facturn
1456 2136 1530 2229 est,
1555 2156 1598 2212 ut
1615 2141 1775 2236 populus

456 2233 612 2332 proprio
625 2254 716 2308 nutu
735 2233 756 2307 d
774 2229 981 2330 magistratu
1003 2229 1775 2335 sibiReformationetnulterioremexpete·

454 2350 535 2426 aet,
570 2333 788 2429 eandemque
814 2348 983 2427 urgeret;
1019 2327 1255 2426 Magistratus
1280 2331 1324 2403 ab
1349 2355 1391 2405 ea
1415 2355 1453 2405 re
1506 2331 1674 2406 surianam>
1690 2359 1775 2433 par·

450 2446 531 2502 tem
553 2429 709 2525 alienus,
736 2448 980 2528 praetereaque
997 2425 1209 2501 audoritate
1228 2426 1403 2526 Episcopi
1422 2357 1627 2506 Badleettfis
1644 2433 1683 2508 &
1697 2437 1776 2532 ejus

451 2526 701 2603 ministrorum
723 2529 866 2627 adjutus
885 2528 923 2600 in
941 2525 1007 2599 hac
1026 2522 1128 2600 causa
1147 2526 1393 2624 tergiversari,
1420 2547 1528 2626 atque
1543 2531 1651 2604 etiam
1671 2533 1775 2608 Geor·

453 2629 547 2724 giam
566 2628 800 2722 Chalybeosum
824 2620 955 2722 (vulgi)
975 2625 1154 2710 St'a‘helin)
1176 2626 1237 2722 qui
1257 2645 1333 2697 turn
1352 2626 1450 2722 apud
1462 2651 1523 2699 eos
1541 2629 1693 2707 verbum
1712 2657 1774 2705 an·

452 2724 652 2799 nunciabat
675 2728 751 2822 (c),
793 2721 1050 2798 addicendam
1077 2720 1215 2794 causam
1244 2723 1437 2818 arcessere,
1476 2724 1703 2897 eundemgue
1730 2756 1776 2805 ne

453 2822 617 2922 pristinae
645 2848 751 2921 quam
771 2820 949 2895 vocabant
966 2817 1053 2895 fidei
1071 2819 1313 2894 adversaretur
1331 2845 1420 2896 neve
1437 2845 1567 2895 novam
1587 2825 1623 2896 in
1660 2827 1777 2903 illaret

451 2920 657 2994 dodrinam
687 2922 819 2992 hortari
830 2951 844 3005 ς
880 2918 981 2989 Turn
1009 2913 1102 2989 ueri).
1117 2915 1362 3014 Chalybeolu's
1381 2917 1578 2992 doctrinam
1598 2921 1692 2992 suam
1712 2927 1775 3003 de·

457 3015 626 3106 fendere,
661 3041 704 3090 eo
733 3039 816 3087 curn
844 3011 1022 3106 successu,
1050 3034 1091 3086 ut
1110 3015 1252 3101 tandem
1273 3014 1363 3088 liber
1381 3013 1447 3108 ipsi
1466 3016 1502 3085 in
1522 3019 1775 3094 concionando

307 3160 310 3163 -
487 3112 661 3212 ro'gress'us
682 3113 929 3211 'plurimorum
956 3110 1124 3184 consensu
1146 3137 1220 3184 non
1239 3111 1495 3209 impediretur}
1511 3113 1634 3186 'Cives
1652 3139 1774 3193 autent

452 3137 692 3287 defricatum
720 3209 871 3283 consilio
898 3212 935 3283 &
959 3210 1140 3306 legatione
1159 3208 1320 3294 instrudti
1338 3210 1513 3306 Papatutn
1532 3212 1704 3307 rejicere,
1730 3242 1774 3291 ac

452 3312 675 3416 {neamplius
693 3306 976 3392 Pontificiorurn
993 3306 1079 3385 odio
1095 3308 1133 3385 &
1144 3307 1412 3415 Episcopaliurn
1431 3305 1775 3484 persecutioniffsub-

1640 3428 1773 3507 tent,

456 3593 553 3691 nujus
572 3612 846 3677 confoederationis
863 3565 1086 3695 argu-mentum
1102 3607 1144 3671 ita
1160 3607 1359 3702 describitur:
1384 3595 1464 3688 Dass
1479 3631 1528 3671 wo
1544 3612 1628 3673 einer
1638 3611 1717 3684 Stad
1722 3611 1774 3675 der

460 3694 588 3758 wahren
609 3696 756 3780 glaubens
779 3719 886 3781 wegen
910 3711 1008 3757 etwas
1031 3695 1211 3777 begegnete„
1239 3694 1287 3787 dre
1304 3693 1415 3755 andere
1422 3691 1470 3769 ſse
1485 3692 1563 3753 nach
1579 3695 1685 3776 bessem
1702 3717 1775 3757 oer-

460 3788 566 3865 mr'r'gen
583 3777 756 3866 fihdtzen,
788 3781 854 3842 und
869 3777 1025 3857 schirmen
1042 3774 1139 3856 suste,
1163 3776 1230 3839 und
1242 3776 1336 3875 dieses
1352 3774 1516 3862 burgrecht
1525 3777 1604 3873 salte
1619 3776 1775 3860 bestehen,

460 3858 1408 4036 sssssssgjs‘st'szssssssiistsis’tasas'
1423 3860 1558 3924 “m‘'
1573 3861 1650 3944 '¹⁸⁵’
1674 3860 1776 3943 ”M

502 4047 552 4126 (a)
577 4046 732 4112 HOTT.
758 4046 779 4104 l.
799 4062 827 4106 c.
851 4063 881 4127 p.
898 4060 972 4127 433.
996 4040 1223 4109 RUCHAT.
1248 4045 1270 4105 1.
1286 4062 1317 4106 c.
1342 4063 1372 4127 p.
1389 4041 1462 4127 387.

502 4148 553 4229 (b)
579 4140 828 4212 HOTTING.
846 4165 874 4227 p.
892 4142 966 4225 478,
983 4160 1056 4227 479.
1085 4143 1175 4208 conf.
1215 4164 1264 4208 uae
1280 4144 1320 4209 de
1337 4144 1657 4232 Argentoratensem
1667 4147 1775 4221 accet-

461 4229 547 4297 fione
562 4232 593 4294 in
609 4230 671 4312 hoc
688 4226 796 4309 Opere
811 4229 991 4293 notavimus
1008 4227 1040 4309 d.
1056 4222 1200 4301 LXXX
1239 4275 1253 4299 .,
1271 4246 1394 4315 p.·a.19.
1764 4285 1769 4292 .

500 4330 554 4419 (o)
577 4347 611 4395 t·
633 4324 768 4413 Miscels.
792 4318 904 4422 [ligur.
927 4325 1033 4402 Tom·
1052 4326 1096 4397 ΙΙ.
1121 4346 1190 4415 pag·
1208 4324 1289 4414 6875
