4442 5150
535 813 799 921 Caeterum,
851 801 904 895 in
943 787 1276 893 describendis.
1297 791 1431 896 rebus
1467 790 1776 897 Helvetiorum

459 938 747 1079 reformatis,
785 929 976 1046 ¹ridebis
1014 928 1096 1031 hic
1134 930 1446 1070 plurimarum
1473 932 1775 1039 ecclefiarum

459 1083 826 1198 Helvetiarum,
868 1068 1094 1201 Beruenfis
1123 1070 1204 1206 (de
1232 1068 1454 1207 Tigurino
1478 1080 1636 1199 eninr,
1674 1112 1776 1215 quae

462 1231 588 1324 inter
622 1214 928 1320 Reformatas
963 1207 1191 1311 Ecclesras
1229 1207 1295 1318 est
1321 1216 1483 1310 Metro
1519 1212 1636 1333 olis,
1670 1221 1776 1348 jam

462 1369 518 1462 in
547 1356 903 1462 Introdudiione
930 1346 1134 1488 egimus)
1160 1347 1434 1481 Biennenstr,
1471 1246 1776 1451 dan-Gallen-

450 1499 518 1633 sts
530 1578 546 1622 ‚
595 1493 831 1615 Rhaeticae,
879 1486 1080 1620 Bastleen
1097 1527 1159 1608 ts,
1196 1486 1236 1587 S
1231 1489 1403 1626 chopher
1422 1525 1544 1610 onae,
1581 1487 1776 1588 Mulho-

452 1646 579 1762 fimo
600 1631 750 1736 &sim
774 1664 907 1730 veras
934 1662 989 1725 ac
1016 1631 1243 1762 genuinas
1268 1627 1413 1764 pandi
1442 1633 1676 1765 origines,
1706 1658 1778 1728 at-

464 1810 563 1917 que
595 1778 776 1910 primos
807 1777 866 1867 in
898 1765 1182 1866 excutiendo
1201 1771 1322 1903 jugo
1347 1765 1534 1905 papali,
1574 1781 1621 1867 &
1646 1764 1779 1869 resti.

466 1914 644 2014 tuenda
668 1947 779 2008 cum
802 1905 1019 2006 libertate
1038 1931 1141 2002 turn
1155 1911 1351 2005 veritate
1367 1906 1650 2046 Evangelica
1664 1943 1779 2046 pro·
1854 1906 1857 1921 '

467 2046 641 2174 ceffus,
692 2085 794 2148 non
832 2053 959 2145 certe
998 2041 1144 2165 tales,
1185 2045 1345 2183 quales
1375 2042 1513 2145 nobis
1538 2076 1780 2188 utcunque

387 2247 391 2252 -
465 2189 794 2311 delineantur,
848 2183 1025 2305 abiis,
1071 2187 1151 2321 qui
1177 2177 1356 2284 suatum
1384 2220 1541 2284 rerum
1564 2181 1781 2288 intercise

466 2325 749 2430 mirabiliter
774 2332 1059 2464 opinantur,
1099 2358 1170 2420 res
1197 2320 1471 2424 reformatas
1499 2362 1667 2425 omnes
1696 2325 1780 2424 de·

471 2474 703 2606 primere,
757 2464 949 2605 suasque
977 2458 1096 2560 solas
1121 2469 1263 2561 unice
1287 2469 1338 2562 in
1365 2465 1537 2564 coelum
1563 2463 1781 2565 laudibus

467 2603 698 2728 evehere,
736 2604 814 2704 sed
840 2600 999 2745 quales
1023 2599 1124 2740 ipsa
1149 2601 1286 2701 nobis
1314 2600 1539 2703 exhibent
1555 2615 1678 2705 Aera
1692 2642 1781 2742 pu-

465 2743 602 2842 biiea
615 2821 631 2865 ,
682 2744 847 2877 quibus
869 2741 965 2840 haec
992 2738 1153 2838 nostra
1176 2748 1392 2837 innititur
1417 2744 1617 2861 relatio,
1657 2778 1782 2876 quae-
1899 2848 1907 2856 ⁸

466 2917 561 3019 que
598 2877 647 2979 id
686 2876 1034 3017 comprobant,
1086 2913 1187 2977 non
1225 2875 1445 3016 equidem
1484 2875 1634 2975 ubivis
1658 2883 1783 2976 inter

467 3017 715 3119 Helvetios
767 3019 939 3160 absque
977 3025 1115 3117 omni
1151 3018 1356 3118 tumultu
1391 3054 1492 3116 rem
1535 3017 1781 3157 Evangelii

470 3152 600 3266 fuisse
615 3154 892 3281 restitutam,
905 3162 1211 3429 guippequae
1228 3156 1784 3314 nequidemfinetumul-

469 3321 524 3395 tn
536 3374 551 3419 ,
601 3293 765 3401 saltem
801 3336 886 3396 non
938 3331 1008 3394 me
1046 3319 1317 3397 commotione
1354 3296 1450 3397 coelo
1487 3326 1708 3435 terraeque
1733 3310 1780 3396 δι

469 3433 692 3556 marium,
736 3444 1069 3573 variarumque
1085 3437 1283 3569 gentium
1305 3436 1568 3535 revolutione
1591 3432 1678 3532 fuit
1705 3441 1782 3531 in-

469 3569 656 3698 stituta,
711 3604 788 3673 aut
826 3572 1004 3675 institui
1044 3572 1234 3699 debuit,-
1284 3575 1400 3694 Sed,
1451 3569 1580 3672 fuisse
1616 3605 1781 3674 tamen

471 3709 619 3812 ubivis
668 3719 730 3811 in·
759 3713 1075 3815 reformandis
1111 3712 1188 3812 his
1222 3709 1438 3813 Ecclesris
1475 3710 1780 3852 conspicuam

471 3886 583 3948 cum
620 3857 878 3954 Procerum
906 3852 1118 3952 civilium
1143 3882 1245 3951 tum
1271 3852 1602 3954 Ministrorum
1630 3851 1784 3958 Verbi

471 3994 729 4126 pietatem,
762 3996 1104 4116 eruditionem,
1133 3994 1544 4117 moderationem,
1576 3994 1783 4132 pruden-

473 4136 593 4231 tiam
618 4166 759 4273 atque
783 4133 1164 4333 humanitatem,
1195 4134 1415 4239 omnibus
1444 4131 1669 4273 posteris,
1701 4137 1785 4267 qui

1058 4274 1084 4335 '¹‘
1166 4311 1192 4373 2
1689 4275 1787 4370 Vis·
