4442 5150
1101 577 1252 667 (¹20)

542 730 585 781 ex
608 705 686 778 Deo
706 701 785 790 fint,
814 700 1027 797 probemus:
1062 695 1102 771 ln
1121 721 1192 796 qua
1211 700 1249 775 &
1275 698 1423 774 mirifice
1448 699 1667 776 aneillabitur
1691 699 1833 779 libellus
1893 785 1895 788 Α

544 807 697 877 Martini
722 801 882 885 Βοννὸαὶ,
909 797 966 868 cui
989 793 1112 866 titulus
1131 793 1203 884 est,
1232 805 1286 870 De
1308 795 1448 894 operibus
1477 806 1555 888 Dei,
1583 821 1688 893 quem
1703 823 1768 872 oro
1790 819 1832 874 ut

544 899 700 970 accurate
717 894 754 965 ὅ(
776 890 907 995 devote·
915 888 1092 994 perlegatis
1109 943 1121 978 ‚
1145 888 1179 960 id
1190 912 1234 964 ex
1250 919 1295 965 eo
1311 890 1404 965 lesto
1418 893 1632 990 amplexum,
1653 894 1749 998 quoti
1763 894 1833 991 spi·
1856 942 1859 951 ·

410 1044 422 1063 .
546 992 632 1064 ritus
655 987 788 1060 calculo
815 986 877 1059 suo
900 1007 1075 1056 mammis
1100 983 1219 1056 vestris
1246 986 1466 1083 comprobat.
1524 990 1621 1078 Nam
1648 1010 1763 1063 cautio
1791 989 1867 1064 fit.

445 1115 447 1119 ’
545 1086 714 1171 maxima,
737 1081 869 1177 nequid
888 1078 970 1153 foris
987 1077 1169 1171 ptaenobis
1186 1077 1364 1171 feramus,
1387 1083 1676 1181 cujuodogmatis
1702 1107 1773 1156 non
1789 1085 1833 1158 fi·

545 1204 623 1252 mus
637 1181 728 1251 intus
744 1175 933 1262 certissimi,
956 1172 1089 1267 alioqui
1108 1175 1201 1244 enim
1224 1174 1292 1248 sine
1310 1175 1380 1247 fide
1397 1199 1622 1269 conaremur,
1644 1180 1739 1272 quod
1752 1179 1832 1254 sane

545 1295 723 1373 peccatum
736 1271 798 1344 est.
850 1271 908 1342 Ex
921 1269 1021 1344 fratre
1034 1265 1270 1358 Guithelm0‚
1296 1271 1358 1366 qui
1372 1268 1430 1340 has
1444 1272 1584 1368 pertulit
1600 1326 1610 1357 ‚
1634 1274 1779 1347 modum
1790 1297 1832 1348 ac

545 1368 740 1468 profeelum
756 1365 918 1439 Ecclefiae
929 1361 1056 1436 nostrae
1068 1361 1285 1456 intelligetis,
1301 1387 1405 1459 quem
1419 1366 1537 1456 vobis,
1559 1367 1619 1463 qui
1633 1367 1689 1441 hic
1706 1368 1834 1442 Domi·

546 1491 593 1537 no
615 1464 779 1537 servimus
795 1472 814 1550 ,·
840 1459 1024 1558 diligenter
1055 1460 1355 1532 commendamus.
1407 1458 1585 1537 Dominus
1619 1485 1683 1538 vos
1709 1463 1832 1540 servet.

547 1565 672 1642 Amen.
697 1555 908 1657 Argentinae.
929 1551 1104 1648 Septemb.
1125 1553 1233 1633 Anno
1253 1578 1356 1650 1527.
1825 1552 1831 1560 ”

1036 1760 1128 1846 No,
1167 1760 1294 1846 XXI.

772 1872 1492 2162 nerpubrrcaessnintnnnnsrs
1539 1945 1611 2088 (a)

1016 2168 1019 2172 A
1152 2111 1164 2160 l
1210 2111 1277 2165 [lm

965 2194 1008 2282 in
1035 2189 1152 2274 causa
1173 2193 1413 2308 Religionis

1069 2309 1125 2394 Α.
1162 2331 1282 2418 1527.
1384 2349 1386 2352 ·

552 2489 705 2667 er
717 2492 950 2584 Schultheiss,
970 2489 1063 2565 klein
1076 2491 1149 2564 und
1165 2488 1296 2592 groffer
1309 2491 1408 2566 Rath
1419 2491 1479 2567 der
1494 2490 1579 2568 stadt
1592 2492 1684 2566 Bern
1696 2493 1827 2572 enrbie:

691 2611 746 2666 ten
765 2591 856 2664 allen
873 2587 1062 2665 Geir-und
1081 2587 1318 2678 Weltlichen‚
1342 2588 1516 2682 Prelaten,
1538 2590 1689 2683 Aebten‚
1713 2594 1824 2667 Pr'ob·

554 2684 646 2772 steri,
683 2685 912 2776 nechanten,
943 2683 1227 2783 Leutpriestetn,
1263 2683 1519 2776 Kilchherren‚
1545 2684 1723 2762 Pfarrcren
1752 2688 1824 2765 und

553 2782 840 2882 Verkiindigeren
853 2786 911 2857 des
920 2785 1045 2857 Worts
1066 2782 1214 2871 Gortes,
1238 2783 1305 2857 wie
1322 2782 1411 2854 auch
1424 2781 1636 2880 derselbigen
1647 2784 1826 2877 vicatim,

554 2880 612 2950 des
633 2878 786 2975 gleichen
807 2887 950 2953 unseren
977 2875 1235 2961 Schultheisen,
1261 2874 1530 2959 Schachtlanen,
1558 2878 1618 2949 νδ
1642 2897 1716 2966 ten,
1737 2879 1826 2953 allen

554 2973 620 3044 den
634 2973 810 3069 unserigen
829 2976 862 3042 in
875 2971 1016 3044 unseren
1034 2968 1179 3057 Landen
1194 2968 1264 3039 und
1276 2965 1446 3039 Gebieren
1460 2901 1692 3059 wohneolem
1716 2968 1826 3046 denen

555 3062 660 3137 dieses
677 3063 778 3133 Bries
787 3064 952 3152 zuk'omt,
974 3056 1114 3135 umeren
1126 3059 1260 3152 Gruss,·
1276 3059 1395 3136 Gunst
1412 3062 1484 3135 und
1495 3059 1575 3135 alles
1588 3063 1824 3157 Gutezuvor,

558 3157 629 3229 und
659 3155 746 3227 thun
763 3157 854 3230 euch
872 3154 1007 3228 hiermit
1023 3179 1068 3230 zu
1091 3153 1229 3228 willeri:
1274 3154 1427 3227 Alsdann
1446 3156 1563 3228 witin
1587 3180 1646 3229 vet
1671 3181 1824 3267 angenen

557 3251 678 3355 Jahren
697 3274 766 3324 von
782 3272 904 3351 wegen
915 3251 975 3324 der
987 3271 1164 3348 zweyung
1181 3249 1252 3353 ond
1267 3249 1326 3322 des
1338 3180 1704 3341 Missverstandes,ler
1719 3280 1751 3327 in
1764 3281 1824 3356 ge·

558 3369 686 3420 memet
708 3346 941 3421 Christenheit
966 3343 1161 3421 erwaehsen
1186 3345 1251 3438 ist,
1282 3345 1337 3420 ein
1362 3345 1478 3419 kuttz·
1508 3348 1659 3422 etrulrtes
1682 3349 1825 3428 Mandat

557 3442 644 3518 euch
664 3442 696 3516 in
718 3444 804 3521 allen
820 3441 1057 3540 Kirchsprelcn
1083 3441 1152 3520 und
1173 3440 1357 3534 Pfarreyen
1381 3464 1425 3514 zu
1452 3369 1601 3518 clinem
1622 3445 1747 3519 undan
1770 3450 1825 3525 die

557 3535 1167 3637 Kirch·Th‘titenhtbenanscltlagen
1180 3538 1303 3632 laffim,
1324 3466 1567 3629 muhalende,
1592 3538 1675 3617 dass
1675 3541 1741 3615 alle
1753 3545 1824 3619 und

1744 3640 1825 3738 jede
1884 3672 1886 3675 ¹

561 3819 594 3903 (a
635 3815 710 3881 l-loc
731 3801 880 3886 Edillum
895 3795 989 3884 nobis
1007 3820 1201 3902 Anonymus
1214 3813 1364 3880 Historiae
1386 3806 1624 3900 Refitrmat'ionis
1643 3813 1822 3897 Biennmfis

601 3897 739 3983 scriptor
762 3898 945 4005 suppeditat
959 3953 968 3979 ,
983 3905 1014 3966 in
1031 3901 1143 3968 eadem
1155 3900 1210 3964 illa
1233 3898 1395 3965 Historica
1417 3903 1617 3976 narratione,
1640 3918 1735 3981 quam
1757 3894 1819 3963 suae
1874 3951 1881 3963 .

601 3982 1070 4156 {glffigglffl'igseruit
1087 3978 1220 4054 Dottiff.
1244 3980 1421 4058 tulisse.
1444 3986 1543 4056 Tem.
1560 3982 1606 4056 11.
1630 3982 1697 4051 No.
1715 3980 1761 4052 V·
1786 3988 1820 4056 t.
