4442 5150
449 617 522 716 408
640 605 1507 691 rarsronrnrvrnornrr
1596 616 1770 720 rnna:

450 802 478 843 ,‚
497 765 605 844 puta,
630 745 846 835 monachos,
872 738 1093 838 Episcopus,
1119 739 1292 814 ditionem
1313 744 1570 840 temporalem,
1589 745 1768 846 &hujus-

390 879 398 899 ι
451 900 478 941 ,,
499 845 597 916 modi
616 844 798 934 dicentes,
824 842 1014 932 Quantum
1034 839 1143 912 vultis
1161 838 1264 910 nobis
1279 839 1388 912 dare?
1406 841 1773 924 &inmanusvestras

451 994 479 1038 ,‚
500 940 748 1014 Waldensrum
768 936 932 1012 dodlores
951 935 1151 1010 trademus:
1170 934 1298 1008 scimus
1317 938 1412 1010 enim
1424 938 1486 1010 ubi
1502 941 1657 1014 lateant:
1679 949 1772 1037 (non

453 1072 481 1134 ,·,
500 1041 644 1135 quidem
663 1038 797 1134 ubique
814 1031 930 1133 paliun
950 1052 1119 1203 apparere
1135 1033 1334 1121 audemus.)
1362 1036 1412 1109 Et
1430 1035 1479 1109 fic
1496 1038 1665 1112 intereos
1679 1065 1773 1117 con·

454 1139 667 1233 „ventione
693 1134 809 1226 faeta,
844 1131 955 1228 praedi
995 1155 1015 1202 a
1039 1130 1197 1204 membra
1223 1152 1388 1228 tempore
1414 1132 1591 1208 nodlurno
1617 1140 1774 1217 veniunt

436 1257 481 1331 ¹„
500 1259 583 1308 cum
610 1258 715 1307 manu
741 1251 875 1306 armata
896 1228 941 1300 ad
967 1252 1033 1313 nos
1059 1228 1295 1325 capiendum,
1329 1228 1425 1327 saepd
1451 1232 1594 1307 nemine
1610 1230 1775 1313 scienter

456 1366 483 1428 ,·,
503 1356 576 1430 quo
595 1331 661 1424 fit,
687 1350 727 1404 ut
745 1353 789 1402 ex
809 1328 879 1428 hoc
899 1325 1098 1423 plebeculae
1117 1325 1248 1399 nostrae
1267 1329 1385 1422 gravis
1402 1330 1586 1402 exoriatur
1604 1330 1777 1427 persecu-

456 1484 483 1526 „
500 1433 585 1520 tio,
602 1432 641 1504 ὃ(
660 1453 724 1501 nos
742 1423 857 1499 miseri
876 1425 1076 1520 plerunque
1093 1446 1258 1516 uramur,
1285 1425 1323 1497 ἃ
1341 1447 1595 1520 nonnunquam
1606 1431 1774 1506 multiex

456 1581 484 1623 „
503 1527 718 1626 plebecula,
751 1545 812 1597 aut
839 1523 973 1620 alioqui
1001 1523 1126 1617 ingens
1152 1519 1333 1618 praedie‘lis
1360 1522 1530 1598 membris
1556 1525 1774 1606 exhibeatur

456 1663 493 1722 „·
503 1625 666 1723 pecunia.
1402 1642 1407 1655 ²
1650 1626 1653 1632 '
1770 1711 1775 1719 .

503 1777 531 1816 „
548 1725 700 1823 Quintl,
725 1744 768 1795 an
785 1720 913 1812 liceat,
932 1716 1039 1813 illum
1057 1717 1162 1812 cujus
1179 1716 1237 1790 sua
1255 1717 1443 1791 necessaria
1460 1718 1592 1818 injuste?
1612 1724 1775 1801 retinen·

458 1870 486 1916 „
506 1841 588 1915 tur,
611 1822 784 1916 nulloque
800 1841 840 1891 ea
857 1813 967 1887 modo
983 1813 1113 1885 habere
1130 1814 1270 1912 potest,
1296 1815 1317 1887 ὲ
1336 1818 1512 1891 retinente
1528 1841 1705 1916 quantum
1716 1849 1773 1898 re·

458 1971 486 2014 „
505 1919 619 2008 tinet,
655 1916 679 1989 sr
707 1917 785 1989 fieri
812 1911 939 2012 poffit,
969 1910 1046 2006 ipso
1065 1911 1242 1985 nesciente
1260 1911 1417 1986 sumere:
1446 1914 1484 1988 ὃ(
1503 1940 1547 1988 an
1566 1918 1643 1990 ullu
1659 1918 1775 1994 modo

458 2067 487 2109 „
506 2015 671 2087 fidelibus
697 2013 826 2101 liceat,
862 2028 1010 2106 propter
1038 2007 1137 2080 litem
1167 2009 1428 2106 definiendam,
1455 2011 1617 2089 infideles
1630 2016 1775 2113 judices

457 2163 484 2207 „
503 2114 618 2183 adire:
646 2109 731 2207 quia
747 2110 815 2182 illis
835 2132 899 2204 per
916 2106 1063 2178 Paulum
1083 2107 1226 2180 videtur
1245 2109 1483 2203 prohibitum.

507 2261 534 2304 „
554 2212 675 2299 Sextl,
700 2231 743 2280 an
763 2204 950 2280 haereditas
968 2203 1221 2320 parvulorum,
1241 2208 1473 2280 morientium
1494 2206 1566 2283 fine
1580 2207 1776 2289 testamen·

406 2363 410 2371 .
458 2358 488 2401 „
506 2329 567 2402 to,
601 2304 669 2379 suis
693 2303 866 2379 matribus
894 2301 985 2374 'uste
1010 2300 1195 2375 succedat:
1223 2297 1308 2375 clun
1326 2301 1502 2402 scriptum
1523 2305 1586 2379 fit:
1613 2308 1653 2381 si
1671 2334 1775 2384 mor·

458 2456 488 2500 „
506 2423 588 2481 tuus
606 2403 716 2479 suerit
734 2405 845 2478 homo
862 2328 996 2498 adsque
1014 2399 1115 2491 filio,
1134 2400 1322 2473 haereditas
1332 2398 1497 2477 transibit
1507 2406 1543 2477 in
1552 2401 1662 2478 filiam
1671 2407 1773 2504 ejus:

458 2553 487 2597 ,‚
507 2504 581 2580 &fi
600 2525 672 2578 non
688 2502 799 2577 fuerit
817 2499 911 2594 filia,
930 2495 1093 2573 transibit
1110 2496 1205 2572 dieta
1224 2499 1411 2573 haereditas
1429 2500 1465 2574 in
1479 2501 1605 2576 fratres
1613 2507 1784 2580 moriem·

458 2650 487 2697 „
506 2604 573 2674 tis:
606 2604 644 2677 &
664 2601 688 2675 sr
708 2626 781 2675 non
799 2601 935 2675 suerint
954 2596 1099 2689 fratres,
1125 2595 1254 2670 dabitis
1274 2598 1517 2672 haereditatem
1537 2602 1674 2696 patruis
1693 2628 1777 2678 mo·

459 2751 488 2795 „
506 2700 648 2774 rienris:
678 2701 715 2775 ὃ(
736 2699 761 2772 sr
781 2723 854 2772 non
871 2696 1005 2770 fuerint
1023 2697 1162 2791 patrui,
1188 2696 1250 2792 qui
1270 2698 1381 2792 magis
1399 2698 1585 2793 proximus
1603 2697 1678 2793 est,
1697 2701 1776 2776 lrae·

460 2850 487 2893 „
507 2798 686 2872 reditabit.
713 2799 756 2870 In
776 2820 848 2895 quo
866 2795 971 2885 loco,
999 2815 1039 2866 ut
1057 2814 1226 2890 apparet,
1245 2794 1454 2867 excluditur
1466 2814 1599 2869 mater:
1618 2797 1777 2895 &Apo-

460 2895 617 2990 „stolus
643 2898 780 2993 inquit:
818 2893 904 2965 Nec
931 2893 1026 2963 enim
1054 2892 1184 2964 debent
1205 2891 1272 2963 filii
1294 2890 1499 2989 parentibus
1517 2891 1777 2993 thesaurizare,

461 3045 488 3084 „
504 2992 564 3063 sed
591 3014 750 3087 parentes
778 2988 874 3061 filiis.
908 2990 1084 3061 Praeterea
1102 2988 1217 3083 pollet
1235 2991 1447 3086 contingere
1464 3015 1531 3086 pro
1551 3016 1661 3088 parvo
1679 3011 1778 3066 tem·

461 3142 490 3183 „
509 3110 598 3183 pore
615 3090 740 3256 irpens
758 3087 965 3179 haereditas,
992 3109 1073 3183 quae
1092 3085 1235 3183 postea,
1260 3087 1375 3161 rursus
1391 3086 1630 3184 nubentibus,
1647 3089 1777 3167 tranfi-

463 3186 619 3283 „retin
666 3186 733 3259 lios
750 3183 894 3257 secundi
912 3185 1043 3257 mariti.
1581 3237 1589 3254 .

510 3338 536 3378 „
557 3285 721 3380 Septiml,
749 3306 792 3355 an
819 3282 921 3355 usura
941 3280 1005 3376 fit,
1035 3280 1233 3380 quidquid,
1259 3302 1301 3355 ut
1319 3282 1476 3377 dicitur,
1504 3283 1648 3360 additur
1664 3284 1774 3363 sorti:

462 3438 490 3479 „
509 3385 547 3458 δε
573 3407 616 3456 an
644 3381 760 3456 omnis
785 3381 978 3473 mercacia,
1005 3381 1076 3479 qus
1093 3381 1251 3478 aliquid,
1277 3400 1317 3453 ut
1335 3383 1451 3478 inquit
1470 3382 1776 3483 Chrysostomus,

462 3535 490 3583 „
506 3484 599 3555 citra
618 3480 775 3556 laborem
795 3478 954 3572 luerim,
973 3478 1016 3551 fit
1035 3488 1249 3576 peccatum,
1269 3480 1329 3567 bc,
1345 3504 1389 3551 an
1404 3503 1513 3552 omne
1526 3482 1778 3577 juramentum

462 3578 571 3677 „sub
598 3584 737 3677 peccati
764 3580 923 3651 mortalis
951 3600 1061 3675 poena
1087 3576 1131 3649 srt
1156 3576 1403 3671 prohibitum:
1440 3576 1586 3651 dicente
1604 3580 1776 3655 Christo:

464 3730 491 3772 ‚,
511 3675 676 3750 Omninb
702 3678 816 3752 nolite
840 3680 980 3773 jurate:
1015 3674 1072 3746 sed
1099 3672 1214 3747 sermo
1242 3673 1356 3746 vester
1385 3674 1427 3747 stt
1445 3674 1532 3769 Est,
1557 3676 1630 3750 est:
1659 3678 1778 3775 Non,

463 3827 491 3871 „
510 3798 604 3845 non:
633 3775 806 3874 quidquid
826 3796 945 3849 autem
965 3774 1018 3845 his
1035 3770 1270 3845 abundantius
1288 3770 1361 3864 est,
1388 3772 1521 3846 amalo
1538 3773 1602 3848 est'.

512 3924 540 3966 ,‚
558 3874 712 3966 Ollavl,
746 3898 789 3946 an
818 3873 897 3946 haec
919 3870 1101 3960 dostrina,
1130 3889 1364 3968 peccatorum
1384 3869 1541 3965 scilicet,
1567 3873 1778 3971 originalis,

463 4026 491 4071 ‚,
510 3969 682 4062 venialis,
727 3972 764 4045 bt
790 3970 977 4058 mortalis,
1020 3970 1058 4045 bt
1087 3969 1167 4043 haec
1194 3970 1407 4069 ignorantiae
1435 3971 1679 4066 invincibilis,
1714 3997 1780 4048 ne·

462 4125 492 4169 „
511 4066 664 4171 gleelae,
690 4067 727 4142 &
746 4068 888 4166 crassae,
913 4068 1052 4142 valeat?

512 4221 541 4267 „
557 4169 685 4265 Noni,
727 4191 771 4246 an
805 4193 872 4268 pro
901 4169 1055 4246 mortuis
1079 4167 1221 4267 plorare
1247 4165 1293 4243 fit
1318 4167 1492 4253 licitum?
1535 4170 1620 4271 quir
1644 4165 1780 4343 rlispppi
1814 4141 1817 4146 ⁵

503 4314 507 4324 '
1634 4315 1663 4361 ll
1761 4306 1780 4329 '
