4442 5150
448 647 521 732 41⁶
637 626 1505 709 ursaontauvnuuautr
1588 631 1757 732 arno.

450 762 683 856 „duodecim
703 761 898 858 Prophetas
914 760 1093 854 juniores,
1121 756 1299 850 Hoseam,
1324 761 1499 851 Joelem,
1515 759 1652 855 Amos,
1678 754 1790 846 Ab(

450 913 477 952 ,‚
497 856 788 955 diam,Jonam,
816 860 1021 946 Micheam,
1043 856 1189 946 Naum,
1212 857 1390 946 Abakuk,
1411 856 1654 951 Sophoniam,
1677 864 1759 957 Ag·

451 1007 478 1047 „
498 981 641 1051 garum,
675 957 905 1044 Zachariam,
940 953 977 1025 ὅ(
1006 953 1245 1041 Malachiam,
1279 973 1321 1024 ut
1349 954 1551 1047 Scripturas
1578 954 1760 1050 aSpiritu

452 1102 479 1144 „
496 1052 614 1125 lanuto
640 1055 820 1150 inspiratas
843 1052 1023 1121 habemus.
1053 1047 1413 1139 Judithpsllobiam,
1441 1049 1758 1146 Ecclefiasticum,

452 1199 478 1239 „
499 1152 662 1241 Baruch,
688 1154 777 1224 aluos
794 1148 941 1219 ultimos
961 1144 1102 1236 Esdrae',
1130 1164 1199 1215 tres
1218 1145 1326 1217 libros
1345 1146 1665 1240 Machabaeorum,
1685 1150 1761 1223 duo

453 1250 616 1343 „capita
643 1249 769 1319 ultima
795 1244 975 1333 Danielis,
1009 1264 1082 1312 non
1107 1244 1391 1315 contemnimus:
1427 1239 1483 1312 l'etl
1509 1268 1579 1315 non
1597 1245 1758 1320 divinam

452 1393 479 1434 ,‚
498 1367 581 1415 cum
602 1345 740 1417 caeteris
757 1341 825 1413 illis
843 1341 1071 1412 autoritatem
1089 1337 1224 1409 damus.
1251 1340 1294 1409 In
1313 1363 1410 1410 novo
1428 1339 1763 1441 Testamentoqua·

452 1491 482 1532 „
502 1460 586 1512 tuor
603 1440 797 1536 Evangelia
814 1460 897 1510 eum
918 1434 1017 1507 Astis
1035 1433 1317 1528 Apostolorum,
1345 1436 1381 1508 ὃς
1402 1439 1762 1538 quatuordecimepi·

453 1588 481 1629 „
503 1537 598 1608 llolis
626 1538 747 1627 Pauli,
782 1537 819 1608 ὃ(
846 1533 978 1627 septem
1004 1532 1212 1621 catholicis,
1239 1531 1309 1602 una
1327 1556 1410 1604 cum
1430 1532 1652 1631 Apocalypfi
1672 1541 1764 1610 reci·

455 1684 482 1725 „
504 1635 638 1728 pimus:
667 1630 804 1706 tamctli
824 1626 1091 1725 Apocalypfin,
1118 1651 1200 1698 cum
1218 1628 1369 1722 epistola
1386 1628 1512 1718 Jacobi
1525 1633 1562 1705 ὅ(
1576 1632 1705 1726 Judae,
1725 1636 1764 1710 ὃς

454 1781 482 1823 „
501 1730 629 1802 ultima
648 1731 766 1822 Petri,
792 1752 832 1802 ac
851 1725 986 1800 duabus
1004 1724 1258 1821 posterioribus
1274 1726 1441 1817 Joannis,
1467 1749 1540 1797 non
1556 1751 1639 1800 cum
1652 1751 1763 1805 carte·

459 1878 486 1920 „
507 1830 551 1900 ris
569 1827 803 1900 conferamus.
823 1826 872 1918 (a)
1184 1915 1186 1917 .

503 1976 532 2016 „
552 1926 772 2018 Allegotias,
806 1943 886 2014 quac
915 1915 1071 1988 fundatae
1099 1915 1179 1989 sunt
1208 1920 1242 1988 in
1270 1918 1479 2015 Scriptura,
1515 1920 1551 1994 ὃς
1571 1944 1652 2017 quae
1674 1921 1766 2001 liant

458 2072 484 2112 „
505 2043 586 2090 cum
613 2021 773 2114 analogia
790 2015 894 2104 fidei,
922 2037 987 2084 nec
1008 2016 1206 2105 Scriptura
1225 2016 1437 2109 dignitatem
1456 2037 1674 2111 extenuant,
1699 2046 1766 2095 ex·

457 2166 483 2207 „
503 2113 729 2205 osculamur,
761 2113 818 2184 setl
843 2133 915 2182 non
940 2109 1153 2181 arbitrantur
1179 2113 1228 2182 ita
1255 2136 1320 2206 pro
1345 2115 1504 2208 cujusvis
1531 2115 1765 2193 somniatione

456 2254 484 2304 „
503 2207 724 2284 effutiendas.

484 2340 532 2402 ·„
552 2310 708 2382 Omnem
736 2331 812 2381 eam
841 2304 1058 2396 dour-inam,
1087 2327 1169 2400 quae
1195 2306 1345 2402 gratiam
1375 2307 1511 2381 Christi
1531 2311 1765 2407 magnifacit,

459 2458 486 2500 „
504 2402 673 2481 libentius
707 2407 962 2502 amplexamur.
1012 2402 1187 2475 Liberum
1222 2405 1439 2498 arbitrium,
1484 2427 1655 2504 quatenus
1709 2435 1766 2483 ra·

460 2554 486 2596 „
507 2508 568 2579 tiae
596 2526 800 2601 repugnat,
835 2526 909 2574 non
934 2499 1193 2597 approbamus:
1229 2525 1343 2596 neque
1370 2524 1558 2599 propterea
1584 2431 1766 2582 ποιέει·

442 2649 487 2693 ,,,
507 2622 578 2673 tem
607 2603 779 2696 peccandi
806 2600 1019 2672 inducimus.
1061 2598 1138 2688 Qui
1164 2599 1257 2669 enim
1284 2622 1454 2693 peccant,
1488 2600 1679 2695 sponte&
1699 2629 1767 2680 vo·

457 2748 487 2791 „
506 2695 658 2770 luntario}
685 2717 849 2795 peccant.
893 2694 1082 2791 Originale
1109 2716 1297 2786 peccatum
1324 2696 1418 2768 suam
1445 2699 1617 2772 rationem
1645 2702 1767 2779 habet.

354 2812 358 2824 ·
417 2787 420 2794 ¹
457 2794 639 2891 „Neque
666 2815 875 2889 propterea,
910 2795 992 2888 quia
1009 2810 1065 2861 tot
1084 2813 1267 2887 praecepta
1284 2814 1490 2887 ponuntur,
1515 2798 1631 2894 major
1647 2801 1770 2875 nostra

458 2944 485 2983 „
506 2894 618 2963 virtus
638 2893 708 2963 est:
735 2891 791 2963 sed
812 2911 939 2984 magna
956 2889 1008 2957 vis
1028 2887 1203 2981 Spiritus,
1231 2912 1416 2985 perquem
1436 2898 1767 2989 operamurvolun-

459 3039 486 3076 „
505 3006 613 3057 tatem
644 2989 735 3058 Dei:
772 2988 808 3059 δ(
836 3007 963 3080 magna
989 2983 1107 3054 nostra
1133 2985 1295 3079 ignavia,
1332 3009 1482 3083 propter
1500 3014 1603 3086 quam
1622 2993 1767 3091 indigni

459 3133 487 3175 „
505 3081 697 3153 censemur.
725 3080 788 3153 Est
807 3082 948 3177 quldem
968 3080 1032 3151 fati
1048 3080 1138 3150 ratio
1152 3081 1246 3174 apud
1259 3085 1401 3175 Deum,
1421 3088 1516 3181 quod
1528 3090 1766 3187 immutabile,

460 3233 487 3273 ‚,
507 3175 642 3251 etiamst
668 3179 786 3248 omnia
804 3178 906 3248 vobis
924 3174 1107 3247 mutabilia
1127 3200 1327 3269 appareant.
1372 3187 1423 3252 At
1442 3207 1514 3255 non
1533 3206 1681 3280 oportet
1700 3214 1767 3264 vos

459 3279 546 3372 „ad
566 3298 691 3348 arcana
710 3275 780 3347 Dei
798 3273 1001 3365 attendere,
1018 3270 1074 3345 sed
1095 3272 1137 3346 ad
1153 3274 1311 3348 Verbum
1330 3280 1428 3373 ejus,
1448 3282 1626 3357 cuifidem
1638 3285 1768 3361 habere

1658 3437 1685 3478 ‚,
1703 3384 1767 3458 de·

503 3521 550 3602 (a)
577 3519 710 3585 Videtur
735 3513 1165 3583 OECOLAMPADIUS
1187 3513 1216 3577 in
1233 3534 1269 3578 ea
1284 3515 1372 3579 soille
1388 3518 1511 3599 haren,
1535 3520 1564 3582 in
1584 3540 1646 3602 qua
1662 3526 1768 3604 plures

459 3625 496 3668 ex
516 3604 786 3668 Reformatoribus
804 3602 912 3665 nostris
930 3598 1019 3663 fuisse
1037 3600 1204 3677 novimus,
1221 3600 1282 3694 'qui
1298 3602 1394 3665 varias
1412 3602 1652 3693 Canonicorum
1672 3606 1769 3670 libro·

435 3733 442 3752 .
459 3706 532 3749 rum
550 3686 656 3751 claffes
672 3687 722 3750 sibi
739 3688 943 3760 effingebant,
960 3685 1049 3746 itaut
1065 3681 1164 3746 claffis
1183 3702 1289 3765 pruna
1308 3685 1373 3747 libri
1390 3686 1533 3764 majoris,
1551 3687 1695 3752 secunda
1706 3691 1767 3755 mi·

461 3770 545 3831 noris
564 3770 618 3832 lint
635 3768 977 3852 pretiiuaucloritaris,
994 3766 1054 3829 bac.
1116 3785 1162 3829 uae
1181 3766 1270 3843 licet,
1294 3787 1330 3830 ex
1348 3788 1425 3831 vero
1442 3790 1506 3832 non
1526 3770 1600 3847 lint,
1622 3791 1687 3834 nou
1704 3790 1769 3839 erat

460 3868 580 3927 tamen,
602 3873 657 3915 cur
675 3852 796 3918 douiu.
815 3847 1070 3917 LOESCHER
1117 3848 1138 3913 S
1157 3850 1234 3912 hauc
1252 3869 1382 3931 quoque
1399 3853 1428 3916 iu
1447 3851 1769 3921 CAROLOSTA·

461 3931 569 4010 DlO,
602 3932 655 4013 qui
681 3948 738 3998 tres
765 3934 816 3999 fibi
834 3936 986 4000 librorum
1004 3933 1162 3997 sacrorum
1180 3932 1288 3997 claffes
1305 3934 1506 4016 efformarunt,
1529 3937 1712 4002 seutentiam
1731 3941 1771 4004 st·

460 4017 593 4100 gillatim
609 4015 764 4096 sugillaret
781 4021 811 4082 in
828 4019 965 4101 Historia
981 4016 1129 4081 Motuum
1146 4016 1183 4079 P.
1197 4019 1220 4080 l.
1239 4017 1269 4079 d.
1286 4038 1315 4100 p.
1330 4037 1377 4100 ¹4·
1402 4040 1477 4083 cum
1496 4022 1503 4082 i
1528 4019 1557 4081 se
1576 4017 1772 4087 LUTHE·

461 4100 560 4168 RUS
586 4099 691 4165 itidem
714 4099 743 4163 in
768 4100 952 4167 Praefatione
976 4099 1116 4167 editionis
1135 4102 1160 4165 1.
1185 4101 1277 4165 all.
1312 4101 1468 4167 Verfionis
1526 4102 1578 4164 ovi
1597 4104 1770 4173 testamenti

461 4183 659 4253 Germanica
684 4181 770 4247 distin
794 4200 865 4265 uat,
888 4187 965 4251 inter
980 4186 1070 4248 libros
1087 4181 1136 4247 N.
1151 4183 1197 4247 T.
1215 4181 1339 4264 majoris
1355 4186 1396 4258 {9³
1412 4187 1540 4248 minoris
1552 4188 1666 4271 pretii,
1691 4192 1770 4271 quin

458 4270 548 4351 iano,
572 4266 744 4353 Epistulam
761 4201 869 4349 iacobi
887 4268 996 4337 diserti·
1005 4270 1209 4355 stramineum
1227 4269 1283 4352 effe
1300 4268 1466 4357 Epistolam
1483 4268 1680 4354 pronunciet.
