4442 5150
464 655 633 753 nana.
748 614 1468 728 *antio-vara
1706 657 1778 756 387

463 788 543 884 quis
568 810 624 858 cas
648 781 870 875 restitueret,
905 782 954 855 ita
979 800 1120 876 tamen,
1154 802 1196 856 ut
1222 779 1249 855 fi
1277 783 1355 881 quis
1381 803 1560 881 aegrotans
1588 783 1653 864 fibi
1675 811 1777 865 more

461 882 743 960 Pontificiorum
771 884 1041 955 Sacramentum
1060 876 1283 953 eucharistiae
1303 884 1534 977 exposceret,
1561 885 1598 959 id
1617 885 1683 982 ipsr
1701 911 1777 963 nort

461 983 701 1081 denegaretur
711 1012 722 1067 3
734 981 897 1075 secundi,
915 1002 959 1052 ne
976 978 1055 1076 quis
1072 983 1372 1052 concionatorum
1390 981 1583 1077 quicquam
1600 983 1666 1056 nisi
1680 984 1776 1059 Ver·

462 1081 550 1154 burn
579 1080 651 1152 Dei
677 1077 876 1176 proferret,
911 1076 1046 1168 idest,
1080 1075 1133 1148 nil
1151 1078 1343 1174 quicquam
1361 1077 1561 1172 proferret,
1587 1083 1684 1176 quod
1702 1107 1777 1158 non

462 1203 508 1252 ex
528 1174 604 1276 ipso
624 1177 696 1249 Dei
718 1175 842 1249 Verbo
863 1173 978 1272 posset
996 1173 1128 1246 adstrui
1146 1198 1188 1246 ac
1207 1174 1438 1271 comprobari
1456 1179 1529 1271 (a),
1555 1197 1595 1250 ut
1612 1176 1702 1252 verb
1721 1183 1776 1256 ini
1861 1199 1865 1208 “

461 1278 525 1374 qui
546 1274 674 1349 contri
693 1273 872 1367 facerent,
897 1273 1133 1371 punirentur,
1151 1294 1254 1369 aeque
1270 1296 1311 1347 ac
1330 1274 1377 1365 ii,
1395 1276 1458 1372 qui
1476 1275 1632 1373 reliquos
1650 1278 1776 1376 inique

461 1373 691 1465 accusarent,
724 1369 822 1467 quast
849 1371 1034 1444 mendacia
1058 1368 1260 1468 proferrent
1269 1403 1283 1458 5
1317 1374 1417 1444 tertii
1443 1391 1483 1446 ut
1502 1374 1776 1452 concionatores

462 1471 678 1568 Evangelici
698 1470 849 1541 liberum
871 1467 1042 1542 haberent
1061 1492 1126 1564 per
1143 1488 1256 1544 totam
1275 1470 1457 1564 regionem
1478 1469 1642 1565 cursum,
1666 1492 1775 1570 atque

458 1589 503 1640 ut
522 1570 640 1641 neutri
659 1568 777 1641 alteris
796 1586 948 1664 propter
964 1566 1177 1662 religionem
1196 1563 1402 1640 facesserent
1420 1567 1643 1656 molestiam3
1670 1597 1773 1667 quar·

459 1670 515 1756 ti,
534 1687 576 1739 ut
593 1664 678 1739 festa
696 1685 815 1737 tamen
832 1663 1014 1762 sequentia
1031 1661 1326 1751 observarentur3
1345 1665 1416 1736 diei
1429 1666 1662 1759 Dominicae,
1681 1670 1775 1743 duo·

463 1763 581 1834 decim
600 1764 889 1859 Apostolorum,
915 1762 1036 1832 Beatae
1057 1759 1244 1856 Virginis,
1271 1763 1612 1857 corporisChristi,
1636 1766 1773 1859 Johau·

461 1860 517 1932 nis
543 1861 743 1957 Baptistae,
778 1860 909 1932 Mariae
935 1856 1190 1955 Magdalenae,
1226 1860 1264 1932 S.
1290 1859 1468 1933 Fridolini
1496 1861 1775 1940 Glaronenfiuru

465 1963 608 2054 patroni
627 1961 662 2034 &
683 1961 721 2033 S.
741 1959 886 2032 Hilarii.
1264 2028 1268 2033 .
1429 2042 1431 2047 ,

507 2070 538 2143 §.
557 2057 727 2131 CXXV.
753 2058 882 2152 Quum
907 2053 1096 2128 Pontifieii
1116 2055 1199 2153 pagi
1218 2055 1253 2127 in
1272 2055 1537 2154 Tigurinorum
1558 2059 1596 2134 &
1614 2061 1774 2136 Beroen·-

459 2152 549 2228 sium
574 2157 771 2253 perniciem
800 2152 1062 2250 conjurassent,
1094 2153 1199 2250 seque
1216 2175 1346 2226 mutuo
1363 2152 1523 2250 foedere,
1550 2159 1647 2254 quod
1665 2157 1686 2232 i
1701 2162 1777 2256 pri·

458 2250 548 2324 stina
566 2255 740 2350 reiigione
756 2253 928 2346 decedere
945 2251 1106 2343 nollent,
1131 2249 1420 2345 obstrinxissent,
1446 2257 1620 2352 Tigurini
1639 2258 1775 2331 &Ber-

457 2351 577 2424 nenses
597 2353 682 2423 huic
700 2352 796 2433 malo
814 2349 1022 2446 praesentius
1039 2348 1236 2421 remedium
1255 2349 1416 2423 invenire
1429 2353 1648 2447 nequibant,
1668 2378 1776 2450 quam

457 2466 501 2519 ut
529 2465 697 2517 mutuum
724 2469 868 2544 quoque
895 2448 989 2536 inter
1014 2445 1048 2519 se
1073 2443 1194 2519 soedus
1221 2447 1400 2544 erigerent
1419 2446 1499 2540 (b),
1527 2449 1570 2521 ad
1589 2448 1775 2547 religionis

458 2544 693 2641 Evangelicae
721 2566 888 2644 veraeque
913 2544 1088 2619 dostrinae
1107 2543 1372 2638 defensionem,
1399 2545 1436 2617 in
1454 2546 1553 2643 quod
1571 2548 1776 2647 reciperenu

457 2660 517 2714 tur
543 2641 710 2741 deinceps
737 2664 920 2743 quotquot
946 2643 1073 2717 abinde
1093 2642 1143 2715 ¹ex
1163 2643 1344 2715 Helvetiis
1363 2642 1564 2741 Evangelio
1582 2646 1775 2744 adstipula-

456 2755 602 2833 rentur,
628 2739 720 2814 salva
738 2746 873 2817 interea
889 2762 1054 2816 manente
1070 2740 1284 2815 auetoritate
1300 2740 1331 2813 F
1334 2740 1465 2815 oedetis
1485 2744 1664 2839 Pagorum
1677 2746 1773 2820 Hel·
1846 2730 1856 2761 “

454 2841 564 2912 vetiae
583 2842 805 2935 communis,
824 2862 931 2938 atque
948 2860 989 2915 ut
1007 2838 1377 2913 haecConsoederatio
1396 2843 1450 2937 (c)
1469 2840 1571 2913 nullo
1588 2843 1699 2915 modo
1718 2844 1773 2916 ci·

1041 2939 1139 3013 Ccc
1167 2961 1189 3013 2
1706 2941 1773 3018 vili

454 3089 592 3200 alibrum
609 3154 687 3201 cum
703 3134 768 3219 ipso
784 3134 987 3214 facientium,
1008 3149 1093 3285 [atet
1107 3105 1145 3202 er
1162 3135 1256 3217 hujus
1273 3136 1402 3223 epistola
1415 3134 1708 3222 adZwingliumd.
1721 3154 1771 3215 15.

454 3216 565 3283 Martii
577 3238 669 3304 1530·
688 3220 758 3285 data
773 3208 1002 3303 quamFUSS
1041 3266 1049 3281 .
1067 3218 1168 3305 inEp.
1186 3219 1403 3297 Reformator.
1420 3241 1452 3286 n.
1467 3240 1535 3285 arv.
1551 3242 1582 3305 p.
1592 3221 1645 3302 63.
1662 3219 1771 3303 edidit,

407 3342 416 3352 ι
454 3304 506 3365 ubi
532 3304 609 3367 inter
634 3307 694 3370 alia
718 3304 756 3369 de
780 3306 886 3369 scita:
916 3302 956 3364 In
971 3300 1027 3365 hac
1042 3304 1197 3368 doliorum
1213 3303 1385 3388 dfflnstane
1401 3308 1503 3369 omnia
1515 3307 1671 3392 patienter
1681 3303 1771 3380 ferre

454 3380 614 3468 hortabar,
648 3406 683 3451 ut
700 3389 819 3467 sedatis
842 3386 942 3449 turbis
958 3408 1040 3474 aequo
1056 3389 1197 3450 examini
1213 3390 1246 3448 in
1263 3390 1384 3450 unitate
1393 3391 1527 3483 spiritus
1535 3384 1661 3469 fingula
1668 3382 1771 3469 pensi·

454 3478 609 3529 tarentur.
650 3471 787 3549 Prosunt
813 3470 971 3533 interdum
988 3492 1111 3531 remorae
1130 3472 1238 3532 currui
1254 3472 1288 3531 in
1305 3470 1418 3531 declivi
1436 3471 1496 3532 loco
1514 3469 1660 3548 admota,
1684 3468 1771 3531 ut‘ed

454 3550 637 3612 commodius
652 3554 798 3631 substdat.
840 3553 956 3635 Nostra
972 3553 1102 3619 conditio
1120 3553 1157 3614 id
1169 3573 1288 3643 quoque
1303 3555 1424 3638 exigit,
1445 3566 1482 3613 ut
1496 3551 1630 3632 efferata
1644 3552 1771 3638 ingenia

453 3632 586 3721 qttctdam
602 3635 776 3702 tardatione
793 3639 963 3719 mitescant.
1497 3688 1517 3720 ,Ι

456 3736 459 3739 ’
494 3735 545 3815 (a)
571 3732 624 3796 Ad
656 3736 722 3800 haec
755 3741 860 3823 iraque
889 3755 1032 3827 tempora
1059 3725 1195 3825 spectare
1219 3740 1344 3805 videtur
1366 3737 1422 3803 illa
1445 3755 1543 3820 quam
1568 3735 1599 3819 s.
1617 3730 1767 3805 CXVII.

451 3834 522 3902 pag.
541 3834 614 3901 350.
638 3817 826 3890 adduximus
837 3822 957 3908 ,'Frid.
973 3827 1136 3891 Brunneri
1152 3824 1292 3909 Epistola
1307 3826 1345 3889 de
1360 3820 1522 3909 progressu
1537 3821 1769 3895 reformationis

452 3904 535 3986 apud
554 3903 777 3968 Glaronenses.

494 3990 546 4069 (b)
573 3985 821 4055 HOTTING.
846 3994 945 4059 Helv.
971 3994 1013 4059 K.
1032 3992 1076 4058 G.
1101 4013 1171 4080 pag.
1187 4009 1262 4077 432,
1279 4008 1353 4076 433.

492 4074 544 4153 (c)
570 4072 692 4137 Foedus
717 4074 779 4137 hoc
804 4074 860 4139 sub
885 4079 1015 4141 nomine
1031 4076 1228 4163 Burgrecht,
1252 4079 1340 4142 nobis
1357 4075 1536 4146 describitur
1552 4077 1583 4144 in
1600 4075 1692 4143 nais
1728 4096 1767 4143 u·

451 4155 643 4223 blicishanc
667 4158 794 4223 causam
818 4162 1080 4227 concernentibus
1105 4161 1170 4225 vid.
1188 4163 1337 4249 Hotting.
1356 4165 1383 4226 i.
1401 4184 1430 4228 e.
1455 4163 1486 4229 dt
1510 4161 1665 4244 Descript.
1723 4160 1764 4223 ef.

453 4227 564 4308 Bieiin.
580 4244 669 4329 apud
688 4242 802 4310 Fuefll.
826 4244 1004 4313 acorreu.
1022 4246 1157 4315 docum.
1180 4244 1226 4316 T.
1245 4248 1287 4315 11.
1310 4264 1381 4336 pag.
1400 4263 1472 4336 3¹9·
1503 4247 1557 4314 ubi
1572 4245 1767 4397 praediffi
