4442 5150
457 597 625 694 ΛΑΜ.
789 590 1466 672 RENOVATI.
1695 624 1767 704 295

457 723 737 823 Oecolampadii
753 726 880 800 libello
901 723 1106 799 ERnsMI
1127 725 1176 817 (a)
1198 727 1241 798 ad
1262 728 1480 804 Michae'lem
1502 731 1638 804 Budam
1656 733 1764 832 Epis·

456 849 594 923 copum
622 824 859 920 Lingensem,
894 824 964 894 hoe
989 826 1039 895 eli
1066 823 1271 915 Judicium:
1307 876 1334 917 „
1355 826 1534 900 Exortum
1561 830 1611 902 est
1629 856 1762 908 novum

456 923 659 1019 „dogma,
696 925 731 992 in
759 921 981 994 Eucharistia
999 920 1085 991 nihil
1106 920 1174 991 ell'e
1192 941 1323 1017 practer
1342 929 1676 1016 panem&vinum.
1719 932 1763 1004 ld

456 1039 544 1115 „ut
566 1019 607 1091 srt
626 1017 881 1090 difficillimum
899 1016 1077 1108 refellere,
1097 1016 1184 1089 fecit
1200 1019 1283 1110 Joh.
1303 1019 1605 1115 Ocolampadius,
1624 1027 1685 1120 qui
1705 1047 1763 1102 tot
1898 1101 1900 1115 ,

456 1169 484 1213 ,,
503 1116 737 1208 testimoniis,
763 1136 819 1188 tot
838 1115 1055 1211 argumentis
1069 1137 1147 1186 earn
1166 1116 1372 1210 opinionem
1392 1124 1630 1211 communiit,
1650 1142 1691 1193 ut
1710 1123 1761 1195 se·

455 1267 482 1308 „
502 1214 587 1286 duci
607 1212 704 1310 poll'e
720 1215 906 1285 videantur
922 1214 1029 1284 etiam
1049 1210 1171 1284 elesii:
1191 1265 1217 1304 „
1246 1217 1368 1309 Atque
1386 1215 1428 1286 ad
1441 1219 1585 1288 Petrum
1598 1218 1652 1311 (b)
1674 1219 1760 1291 Bar·

455 1312 608 1386 birium:
654 1363 681 1401 „
700 1309 1002 1405 Oecolampadius
1023 1363 1031 1378 .
1053 1361 1060 1376 .
1081 1362 1118 1379 ..
1144 1309 1188 1379 de
1215 1310 1337 1380 iisdem
1361 1365 1368 1381 .
1390 1367 1397 1382 .
1420 1366 1426 1382 .
1453 1313 1570 1385 emisrt
1597 1315 1760 1389 libellum

455 1460 483 1504 „
502 1429 574 1482 tam
593 1405 760 1480 accurate
780 1407 973 1501 scriptum,
1000 1422 1058 1495 tot
1074 1409 1291 1502 argumentis
1309 1427 1365 1478 tot
1383 1407 1592 1482 testimoniis
1610 1410 1761 1485 insitue-

454 1545 483 1601 „
503 1524 604 1596 tunt,
631 1525 673 1576 ut
691 1502 792 1599 poffit
812 1505 867 1575 vel
887 1500 1017 1575 eleslos
1037 1504 1073 1571 in
1090 1526 1244 1574 errorem
1266 1506 1478 1599 pertrahere.
1511 1507 1625 1581 Liber
1644 1530 1761 1582 tamen

457 1653 485 1698 „
503 1603 564 1675 hic
581 1601 729 1674 excusus
748 1599 907 1690 nonest,
933 1623 999 1670 nec
1018 1598 1164 1694 publice
1183 1601 1360 1673 venditur.
1379 1656 1406 1695 „

502 1698 694 1795 Quidquid
729 1697 771 1770 srt
803 1702 983 1770 Erasmum
1006 1721 1050 1766 en
1078 1716 1241 1789 tempore
1268 1723 1331 1794 per
1357 1700 1636 1794 pulcherrimum
1665 1703 1761 1777 hunc
1851 1719 1853 1723 ’

455 1795 730 1892 Oecolampadii
755 1796 886 1867 librum
915 1797 951 1864 in
978 1794 1123 1864 eandem
1144 1794 1487 1889 fermo-spertraslum
1507 1798 1605 1871 fuisse
1623 1799 1761 1877 senten·

456 1895 543 1966 tiam
572 1894 760 1987 colligitur
784 1916 827 1963 ex
856 1894 931 1988 ejus
954 1892 996 1960 ad
1017 1893 1088 1962 Bil.
1108 1893 1398 1981 Pirckheymerum
1418 1896 1469 1987 (c)
1491 1895 1673 1994 Epistola,
1699 1898 1762 1970 ubi

456 1987 525 2064 ita:
561 1992 705 2085 „Mihi
734 2014 805 2061 non
831 1989 1034 2084 displiceret
1053 1988 1327 2088 Oecolampadii
1345 1991 1537 2086 sententia,
1562 1993 1626 2066 nist
1645 1995 1761 2068 obsta·

454 2140 482 2183 „
502 2106 556 2160 ret
575 2088 759 2160 consensus
780 2085 965 2158 Ecctefiae.
1009 2085 1094 2156 Nec
1113 2088 1207 2158 enim
1227 2088 1332 2159 video
1351 2090 1436 2184 quid
1456 2112 1539 2186 agat
1557 2115 1689 2189 corpus
1708 2095 1762 2165 in·

455 2186 484 2279 „
504 2184 645 2276 sensile,
680 2210 746 2256 nec
774 2184 967 2255 utilitatem
995 2184 1183 2256 allaturum
1212 2183 1462 2277 srsentitetur,
1489 2189 1599 2259 modo
1617 2189 1706 2262 adsrt
1725 2193 1763 2262 in

454 2280 669 2378 „symbolis
696 2284 809 2380 gratia
832 2282 999 2353 salutaris.
1043 2281 1092 2352 Et
1111 2280 1229 2353 tamen
1247 2281 1291 2353 ab
1310 2283 1483 2355 Ecclesiae
1502 2285 1669 2359 consensu
1689 2311 1764 2360 non

452 2378 639 2476 „possum
658 2378 837 2451 discedere
856 2402 920 2449 nec
939 2400 1093 2473 unquam
1113 2375 1259 2449 disceffi.
1279 2429 1306 2468 „

502 2476 574 2551 Sed
599 2478 657 2567 ὃς,
694 2476 785 2546 idem
815 2473 1070 2548 ERASMUS
1097 2496 1180 2545 curn
1207 2471 1436 2570 Magistratui
1464 2475 1673 2571 Basileensr,
1706 2481 1763 2553 uti

454 2573 552 2647 circa
577 2572 642 2644 alia
668 2572 831 2667 quaedam
859 2572 1174 2663 Reformationem
1201 2573 1475 2663 concernentia,
1518 2578 1568 2649 ita
1593 2578 1690 2652 circa
1717 2579 1762 2651 li·

455 2670 612 2742 centiam
648 2671 965 2767 imprimendorum
1001 2670 1175 2741 librorum
1211 2668 1307 2765 quod
1342 2694 1383 2743 ea
1415 2670 1596 2745 videretur
1628 2677 1762 2767 nimia,

453 2768 639 2840 exerenti
676 2768 863 2840 confilium
901 2769 1074 2863 denegare
1109 2790 1180 2838 non
1218 2766 1361 2862 posset,
1404 2765 1482 2840 satis
1507 2768 1657 2842 candidi
1683 2790 1761 2846 tum

453 2791 667 2962 respondisse
685 2864 815 2938 fertur:
846 2861 1064 2956 Enimvero,
1082 2862 1269 2960 postquam
1289 2865 1324 2934 in
1344 2866 1434 2957 hanc
1447 2863 1652 2939 sententiam
1668 2891 1761 2963 ptae·

452 2961 546 3037 fatus
571 2962 678 3057 esset,
720 3017 745 3056 „
766 2963 888 3036 Primi>
917 2962 1059 3060 quidem
1087 2962 1141 3053 (d)
1169 2962 1202 3036 se
1228 2962 1453 3059 peregrinum
1480 2962 1568 3057 elle,
1598 2988 1664 3038 nec
1683 2965 1762 3041 satis

453 3082 620 3158 „aptum
649 3063 691 3134 ad
720 3064 811 3134 hanc
839 3061 973 3133 causam
1001 3058 1236 3159 gravissimam
1265 3062 1299 3131 in
1327 3060 1381 3151 se,
1413 3064 1450 3135 ὅ(
1469 3064 1564 3135 circa
1582 3085 1685 3156 quam
1704 3065 1760 3137 di·

452 3209 480 3252 „
499 3160 563 3233 vifi
590 3158 700 3233 ellent
726 3158 792 3255 ipsr
820 3159 1005 3263 Helvetii,
1040 3160 1128 3256 quin
1153 3155 1230 3232 imo
1247 3156 1345 3232 urbis
1364 3161 1400 3233 dt
1419 3161 1566 3235 Senatus
1583 3161 1762 3327 Basileeq·

1671 3308 1700 3349 „
1747 3281 1765 3331 s

494 3404 543 3479 (a)
567 3399 691 3472 Erasm.
715 3398 774 3483 Ep.
800 3420 831 3464 n.
851 3399 922 3477 766.
947 3417 1015 3483 pag.
1034 3396 1106 3479 892..

494 3484 546 3559 (b)
571 3482 694 3563 Erasm.
719 3482 778 3566 Ep.
802 3505 832 3547 n.
853 3482 923 3564 768.
947 3501 1016 3567 pag.
1035 3477 1107 3561 894.

495 3566 547 3643 (c)
572 3562 750 3630 ERASM.
776 3564 834 3650 Ep.
859 3588 890 3630 n.
908 3565 980 3647 823.
1004 3583 1072 3649 pag.
1090 3581 1164 3644 941.

495 3647 548 3728 (d)
574 3667 606 3708 v.
634 3646 822 3714 URSTlS.
845 3650 995 3715 Chronic.
1019 3647 1110 3711 Bafil.
1136 3644 1207 3710 Lib.
1226 3644 1304 3709 vlt.
1329 3661 1420 3722 014.
1475 3642 1508 3707 ui
1530 3642 1560 3706 dt
1582 3640 1648 3708 ltoc
1668 3641 1760 3714 Con·

455 3731 557 3796 filium
587 3730 778 3795 Germanice
803 3736 929 3799 versum
955 3733 1041 3798 nobis
1066 3730 1246 3815 suppeditat.
1292 3727 1456 3793 ERASM
1503 3725 1765 3796 Sauramhanc·

452 3834 520 3881 retn
539 3817 817 3879 commemoratio
835 3815 893 3901 Ep.
910 3820 947 3882 ad
965 3818 1016 3896 Jn.
1036 3817 1052 3878 i
1073 3815 1176 3880 Lasco
1194 3834 1224 3877 n.
1236 3810 1307 3893 798.
1324 3810 1437 3908 p.918.
1475 3859 1497 3892 „
1517 3811 1630 3893 Quum
1647 3814 1762 3879 exiisset

453 3951 475 3983 „
494 3901 569 3963 liber
596 3896 834 3981 Oecolampadii
859 3903 898 3965 de
914 3897 1122 3978 Eucharistia,
1143 3897 1274 3963 Senatus
1290 3916 1332 3957 rer
1349 3898 1485 3961 novitate
1501 3896 1640 3960 nonnihil
1656 3900 1764 3962 turba·

454 4035 475 4069 ,‚
493 4000 561 4063 tus,
594 3982 736 4066 privatim
759 3984 917 4048 consuluit
940 4002 1010 4063 me,
1040 3984 1179 4059 Rerum,
1209 3979 1427 4061 Bonifatium,
1451 3980 1482 4044 dt
1504 3980 1762 4044 cantiunculam.

454 4116 475 4151 „
495 4070 523 4132 ls
541 4068 623 4131 odor
641 4066 733 4129 fimus
751 4082 844 4147 atque
860 4068 1051 4151 pervenitad
1068 4066 1165 4127 ilioer
1185 4077 1247 4125 erat
1260 4062 1510 4128 autemrcsmird
1521 4064 1627 4143 cordi,
1644 4064 1760 4128 Zwin·

455 4199 476 4234 ,‚
493 4154 556 4231 lio,
581 4149 852 4232 Oecoiampadio,
878 4149 1023 4233 Capitoni
1039 4168 1075 4212 ac
1093 4146 1276 4229 Pellicano,
1299 4166 1376 4213 mox
1392 4149 1454 4214 huc
1469 4148 1633 4215 aduolauit
1647 4146 1760 4233 episto·

454 4281 476 4319 „
494 4236 524 4299 la
539 4233 719 4319 Capitonis,
742 4252 814 4316 qua
830 4232 920 4300 nobis
934 4232 1154 4300 austeritatem
1166 4229 1326 4298 adimeret.
1343 4278 1366 4315 „
1415 4288 1419 4295 .
1693 4255 1699 4269 ·
