4442 5150
525 643 592 738 13⁶
694 627 1073 714 HISTORIA
1126 629 1569 711 EvnNGqur
1660 633 1828 737 A.1525.

526 761 573 835 ba
596 759 805 839 renascentis
831 756 1043 860 Evangelii,
1076 780 1122 831 ex
1146 781 1216 858 qua
1234 756 1327 833 urbe
1350 759 1488 854 ιξαμρ·
1509 760 1713 836 Fridericus
1741 764 1831 863 My·

528 860 654 933 conius
680 865 728 946 (a)
753 857 798 930 ad
824 858 1187 931 Annaemontanosea
1201 853 1363 953 scripsit,
1392 879 1546 953 quorum
1564 858 1676 933 modb
1695 865 1832 935 mentio

528 952 642 1048 faeta,
660 977 857 1054 quanquam
869 954 906 1027 is
946 952 1029 1041 aulo
1047 950 1129 1048 post
1145 950 1603 1048 Gothamvocatusfuerit,
1621 957 1764 1055 quando
1774 983 1831 1032 re·

431 1116 436 1123 .
529 1050 612 1162 lidia
633 1055 796 1152 Cygnaea
811 1049 856 1124 ad
875 976 1122 1150 guimnandss
1140 1046 1314 1128 Ectlefias
1329 1049 1592 1149 Thuringiacas
1608 1053 1637 1127 is
1654 1055 1832 1152 adplicuit

527 1171 699 1222 amnium.
886 1188 889 1192 ι

568 1246 705 1332 ·§.LX.
728 1243 841 1319 Circa
855 1241 965 1319 finem
980 1241 1065 1317 anni
1086 1263 1191 1341 1524.
1217 1246 1287 1339 jam
1304 1267 1488 1344 coeperat,
1513 1269 1595 1341 quae
1612 1246 1830 1328 ineuntean·

527 1366 576 1414 no
606 1365 709 1440 1525-
733 1343 779 1414 ¹in
806 1363 955 1416 nervum
980 1341 1193 1438 erumpebat
1210 1342 1509 1415 tumultuantium
1528 1341 1765 1419 Rusticorum
1793 1349 1832 1420 in

528 1439 722 1513 Germania
748 1436 895 1529 seditio,
927 1458 1010 1535 quae
1031 1435 1052 1509 i
1070 1437 1271 1512 Suevorum
1289 1437 1421 1511 finibus
1435 1459 1500 1537 per
1516 1438 1547 1511 F
1548 1441 1751 1531 rancpniam
1768 1467 1832 1516 va·

525 1537 706 1634 gebatur,
739 1533 1056 1633 Thuringiamque
1080 1531 1264 1631 postremi)
1289 1532 1512 1630 invadebat,
1545 1535 1584 1611 ὃ(
1607 1536 1741 1613 vicinas
1764 1539 1830 1613 ali·

527 1654 618 1733 quot
640 1634 826 1733 regionem
857 1632 956 1728 Quae
971 1652 1027 1705 rea
1041 1629 1208 1728 equidem
1221 1630 1274 1705 ita
1289 1628 1414 1705 infesta
1429 1651 1504 1706 erat
1524 1632 1747 1734 Evangelio,
1777 1656 1833 1710 at·

525 1751 596 1829 que
618 1755 692 1804 non
716 1731 885 1828 exiguam
910 1724 1180 1802 Reformationi
1202 1751 1379 1803 remoram
1403 1728 1609 1825 iniciebat,
1640 1749 1682 1805 ut
1700 1731 1829 1808 illem·

526 1853 608 1902 men
624 1824 747 1902 subiti>
761 1843 907 1900 exortus
923 1821 1121 1916 tumultus,
1137 1841 1245 1994 atque
1259 1826 1418 1924 graviter
1467 1829 1657 1921 ermaniae,
1671 1828 1830 1928 superio·

526 1925 556 1996 ri
579 1923 819 2024 cumprimis,
849 1921 1042 1996 imminens
1066 1918 1176 2019 (fiqui
1203 1945 1260 1998 ern
1283 1924 1327 1997 ad
1355 1922 1545 1997 minimum
1571 1925 1730 2023 quinqua
1759 1928 1833 2002 inta

526 2020 715 2095 hominum
734 2019 846 2093 millia
855 2020 891 2091 in
907 2042 951 2091 to
971 2015 1131 2116 periiffe,
1146 2018 1323 2095 testentur
1334 2016 1500 2113 ‘austures
1517 2018 1590 2094 fide
1605 1951 1833 2120 dignssiubi-

525 2117 567 2194 τὸ
597 2141 740 2215 quoque
758 2115 866 2191 fuerit
882 2113 1042 2207 sedatus,
1075 2137 1142 2189 nec
1169 2114 1234 2190 nifi
1250 2140 1314 2214 per
1331 2139 1465 2215 paucos
1480 2115 1710 2191 solummodb
1728 2145 1830 2195 men·

463 2298 468 2307 ⁸
524 2218 574 2292 iis
601 2214 799 2290 duraverit:
835 2213 963 2309 Quum
989 2213 1085 2285 enim
1112 2236 1200 2310 gens
1216 2212 1348 2287 rustica
1363 2212 1514 2288 nimium
1558 2238 1753 2291 temeretur
1768 2245 1830 2292 an·

523 2316 631 2415 gariis
658 2317 695 2389 ὅ(
719 2312 885 2386 oneribus
911 2310 988 2399 (b);
1024 2309 1063 2383 δι
1087 2308 1175 2383 verb
1192 2332 1239 2383 ex
1259 2310 1457 2409 Evangelio
1474 2238 1611 2386 audiret
1629 2312 1830 2390 libertatem

524 2411 732 2488 Christianis
751 2434 815 2509 per
824 2406 1009 2483 Christum
1026 2426 1161 2502 partam
1172 2405 1262 2500 effe,
1279 2406 1476 2481 doitrinam
1488 2409 1584 2481 illam
1595 2408 1769 2506 detorsrt‚
1788 2435 1832 2487 ut

504 2522 507 2527 ’
524 2529 687 2611 putaret,
704 2529 766 2583 aut
782 2505 982 2581 tollendum
1001 2503 1069 2579 effe
1084 2502 1262 2578 servitutis
1268 2508 1425 2605 jugum,
1440 2502 1712 2581 autlibertatem
1726 2512 1831 2584 armis

524 2608 797 2685 vindicandam:
818 2607 867 2679 Et
888 2626 1089 2701 quanquam
1112 2602 1296 2677 Pontificii
1307 2602 1443 2676 bellurn
1458 2604 1546 2677 illud
1557 2605 1716 2703 ignobile
1726 2607 1834 2684 liber·

523 2710 589 2784 tati
601 2706 841 2807 'Evangelicae
860 2702 879 2776 a
900 2701 1066 2775 Luthero
1084 2700 1135 2776 δε·
1146 2703 1222 2801 ejus
1238 2700 1372 2774 affeclis
1388 2703 1595 2799 praedicatae
1607 2702 1833 2798 tribuerunt,

522 2809 534 2882 i
563 2807 710 2903 sumque
744 2803 946 2876 Lutherum
974 2818 1141 2872 motuum
1165 2797 1309 2873 illorum
1334 2799 1556 2875 incentorem
1586 2800 1684 2894 effe,
1717 2803 1832 2900 palam

522 2834 710 2984 dixerunt,
735 2898 991 2974 vociferando:
1026 2899 1098 2967 Hic
1122 2901 1206 2971 nova
1227 2896 1392 2980 nuria,
1424 2895 1479 2968 hic
1500 2899 1680 2995 Evangelii
1704 2900 1833 2973 Luthe.

521 3007 628 3078 rander·
642 3002 793 3091 fratirs,
829 3012 950 3067 tamen
967 2992 1089 3065 omnia
1106 2992 1172 3065 alia
1188 2991 1257 3067 effe
1281 3018 1385 3084 vera,
1406 2994 1482 3091 jam
1510 2994 1561 3065 ita
1585 2993 1785 3069 luculenter
1808 2997 1830 3070 d

520 3096 730 3201 graviffrmis
757 3091 841 3166 viris
867 3112 912 3163 ex
937 3086 1008 3188 ipsa
1033 3105 1238 3189 temporum
1257 3090 1402 3165 historia
1417 3087 1469 3161 est
1485 3086 1664 3180 evidum,
1697 3112 1739 3165 ut
1766 3095 1828 3168 ha·

523 3221 604 3275 rum
628 3190 883 3267 calumniarum
912 3184 1079 3283 repetitio
1106 3185 1363 3262 tantummodi)
1394 3183 1590 3284 perversam
1614 3184 1830 3262 adversario-

520 3311 601 3371 r'um
621 3308 777 3365 mentem
794 3301 941 3384 arguat,
969 3282 1173 3381 mirumque
1190 3285 1278 3359 adeo
1296 3284 1362 3377 fit,
1387 3282 1485 3378 quod
1505 3304 1577 3353 non
1595 3280 1709 3356 desint
1717 3289 1824 3362 etiam

520 3391 630 3468 hodie
653 3389 748 3462 inter
769 3381 861 3482 ipsos
882 3379 1036 3453 Lutheri
1055 3379 1265 3473 sedatorem
1324 3380 1450 3453 ui-non
1466 3376 1699 3471 erubescunt,
1734 3385 1823 3460 hanc

521 3492 661 3578 dicam,
696 3507 801 3577 quarn
831 3481 852 3552 d
877 3473 910 3552 se
924 3474 1059 3550 meriti)
1079 3478 1220 3552 amoliri
1239 3404 1402 3566 student,
1434 3473 1587 3557 scribere
1609 3476 1824 3580 christophoro

523 3578 939 3671 SCHAPPELERQ
965 3574 1058 3650 Viro
1075 3576 1212 3649 eximio
1228 3595 1333 3676 atque
1348 3572 1507 3648 civitatis
1525 3576 1823 3678 Memmingenlis

1748 3680 1826 3754 Re·

560 3918 611 4001 (a)
632 3912 685 3978 De
699 3907 773 3976 frid
788 3916 917 3994 Myconii
930 3911 962 3977 ’ἃ
979 3908 1046 3989 einr
1061 3904 1203 3995 ungulari
1219 3901 1363 3985 somnio,
1390 3903 1518 3987 aliisque
1534 3925 1607 3973 enm
1625 3927 1822 3975 concernen-

517 4003 616 4074 tibus.
636 3995 749 4081 jamin
764 3993 977 4063 Introduction
989 3996 1084 4081 nostra
1098 3990 1240 4075 quedam
1256 3986 1326 4053 sunt
1341 3993 1469 4055 monita.
1512 3990 1590 4057 Hac
1604 3991 1680 4055 verb
1696 3996 1823 4072 quaehic

518 4081 721 4173 protulimus,
739 4076 777 4141 ad
793 4080 877 4144 hunc
892 4096 1010 4142 anuum
1025 4086 1227 4144 adnotaverat
1240 4069 1530 4140 scuuTETus
1553 4094 1580 4155 p.
1594 4094 1629 4140 ar
1640 4092 1665 4135 ι.

555 4169 610 4251 (b)
632 4166 678 4231 Ira
692 4157 889 4229 numne.
904 4160 944 4227 de
955 4153 1045 4228 Eeel.
1060 4160 1208 4231 Palatinis
1222 4152 1265 4224 C.
1273 4153 1397 4222 xv111-
1422 4177 1453 4237 v·
1463 4174 1513 4244 33·
1533 4152 1589 4227 cf.
1603 4154 1633 4236 J*
1649 4152 1693 4222 H.
1707 4154 1820 4242 ΜΛΝ

368 4275 375 4281 ·
518 4253 636 4323 uiuos.
650 4243 797 4334 Reform,
810 4242 908 4317 hutb.
922 4240 1004 4312 Lot·
1016 4243 1041 4316 1.
1059 4237 1223 4331 dcxlv.
1241 4233 1312 4329 μὲ.
1323 4237 1392 4311 180.
1408 4240 1477 4323 seq.
