4442 5150
1769 453 1780 492 Ι

397 616 640 711 sanna.
805 609 1447 689 Renovare
1583 591 1783 713 ³1⁸7

512 747 694 841 Jolranrres
719 765 836 817 autem
866 743 1013 818 Elector
1041 744 1207 816 Saxoniae
1233 745 1305 819 hoc
1331 769 1424 821 anno
1442 745 1478 816 in
1496 741 1564 819 suis
1581 737 1780 844 provinciis

464 847 689 944 praecipuam
708 840 808 935 saud,
835 866 941 938 quam
959 846 1105 940 potuit,
1130 866 1250 916 curam
1271 843 1461 934 Ecclesris,
1481 843 1518 916 in
1535 846 1664 942 quibus
1682 846 1778 919 mul⁴

465 964 503 1019 ta
528 943 730 1014 inordinate
757 941 794 1014 &
823 964 1006 1036 perperam
1027 939 1077 1030 (a)
1104 960 1278 1032 quantum
1306 942 1349 1013 ad
1367 939 1706 1017 administrationem
1727 943 1779 1019 rei

465 1038 757 1129 Ecclesiasticae,
782 1037 941 1130 fiebant,
958 1036 1154 1112 adhibuisse
1166 1039 1249 1133 jure
1266 1037 1457 1111 censendus
1473 1039 1548 1131 est,
1573 1040 1659 1112 dum
1681 1040 1779 1113 Vim

464 1139 565 1210 tandi
594 1135 770 1211 Ecclefias
798 1135 950 1232 singulas
968 1136 1156 1231 negotium
1174 1135 1279 1208 dabat
1297 1160 1343 1209 ex
1360 1133 1548 1220 nobilitate
1565 1137 1779 1234 quibusdam
1803 1169 1806 1174 ¹

424 1248 427 1253 “
462 1236 641 1333 primariis
667 1235 752 1306 viris
778 1257 823 1304 ex
851 1233 978 1305 ordine
1003 1233 1157 1328 politico
1177 1233 1214 1306 dt
1233 1232 1437 1328 Theologis
1455 1232 1689 1330 quibusdam,
1715 1236 1778 1330 qui

463 1332 658 1430 dispertitis
685 1332 801 1428 operis
829 1330 918 1404 illud
945 1331 1041 1402 inse
1067 1328 1324 1425 suscipiebant,
1359 1331 1422 1404 ubi
1448 1332 1598 1405 Luthera
1624 1332 1680 1424 (b)
1714 1355 1779 1428 per

375 1481 381 1487 -
462 1430 541 1503 illas
569 1433 762 1526 regiones,
806 1453 887 1523 quaa
915 1427 1135 1523 Witeberga
1163 1430 1312 1525 propius
1338 1427 1514 1520 aberant,
1546 1430 1780 1515 Melanchtunt'

461 1551 527 1624 per
545 1529 763 1623 Thuringiae
783 1524 960 1616 eradium,
977 1530 1055 1598 aliis
1073 1524 1158 1597 alibi
1179 1525 1237 1598 has
1255 1545 1371 1624 partes
1388 1524 1489 1600 obire
1506 1527 1687 1624 contigit,
1715 1526 1779 1598 Fi.-

461 1626 516 1701 nis
543 1645 661 1698 autem
689 1628 773 1697 huic
799 1624 912 1695 labori
939 1645 1032 1695 anno
1058 1620 1129 1718 seq.
1154 1623 1299 1694 demum
1325 1621 1377 1696 est
1394 1623 1605 1720 impolitus:
1642 1625 1778 1720 Neque

461 1742 582 1794 autem
610 1724 768 1795 breviter
795 1721 866 1792 dici
896 1717 1015 1818 potest
1043 1719 1119 1813 (c),
1154 1741 1325 1814 quantum
1353 1722 1439 1794 boni
1465 1721 1526 1795 illa
1551 1719 1779 1818 inspectionis

461 1844 599 1915 opera,
639 1819 897 1916 diligentiaque
924 1812 1092 1893 effaetum
1123 1814 1254 1909 suerit,
1288 1842 1372 1891 cum
1401 1821 1438 1894 ὃ(
1467 1839 1615 1916 peccata
1639 1821 1780 1916 aliquot

461 1941 635 1990 annorum
665 1919 954 2013 corrigerentur,
989 1915 1026 1988 ἃ
1053 1913 1266 2006 fulcirentur
1288 1918 1402 1990 ruinae
1421 1918 1458 1988 in
1477 1917 1600 1991 mult-is
1618 1915 1707 1990 locis
1725 1918 1777 1992 la·

459 2014 717 2097 besadlatarum
742 2011 1008 2103 Ecclefiatum,
1041 2012 1078 2086 &
1098 2011 1360 2109 prospiceretur
1378 2018 1413 2086 in
1433 2012 1614 2110 posterum
1634 2015 1779 2088 incolu-

458 2115 577 2186 mitati
597 2113 750 2186 illarum.
784 2112 1011 2208 Complexus
1030 2128 1118 2184 tunc
1136 2109 1306 2185 est'Phil.
1327 2111 1778 2188 MELANCHTHON

459 2209 634 2284 dostrinae
663 2212 847 2284 Summam
875 2208 1060 2305 perspicua
1085 2208 1283 2301 brevitate,
1308 2209 1581 2306 &compendio
1600 2234 1778 2284 memora·

460 2305 547 2402 bili,
581 2329 622 2383 ut
648 2304 752 2382 certo
779 2307 909 2382 scirent
934 2306 1102 2382 docentes
1130 2306 1167 2377 in
1195 2305 1367 2379 Ecclefiis
1392 2311 1582 2404 regionum
1609 2308 1779 2399 illarum,

458 2408 545 2503 quid
563 2406 659 2503 sequi
679 2407 870 2495 deberent,
896 2429 962 2478 nec
981 2403 1117 2476 diversa
1134 2404 1171 2476 ὃς
1191 2403 1402 2476 dissentanea
1420 2406 1654 2480 traderentur.
1696 2407 1778 2499 Qui

459 2503 603 2579 libellus
614 2504 668 2594 (d)
688 2501 1000 2578 maxime&utilis
1018 2526 1081 2598 per
1098 2500 1258 2599 se&pro
1277 2523 1440 2597 tempore
1454 2502 1684 2597 necessarius,
1701 2527 1778 2586 non

456 2603 575 2677 caruit
603 2598 904 2675 obtrectatoribus
932 2602 1036 2676 variis
1046 2623 1238 2769 ,Aquorum
1260 2601 1369 2697 aliqui
1387 2602 1610 2696 requirerent
1624 2627 1775 2694 nervos,

1107 2720 1127 2769 a
1153 2719 1175 2769 a
1639 2700 1776 2775 &vim

500 2840 551 2920 (a)
578 2838 684 2906 Verba
702 2839 977 2911 CAMERARH
996 2844 1026 2909 in
1045 2843 1122 2912 Vita
1138 2842 1337 2909 Melanchth.
1361 2848 1515 2925 pugroo.
1568 2905 1573 2911 .
1772 2872 1774 2875 ·

498 2927 551 3006 (b)
576 2926 640 2989 vid.
659 2919 998 2993 SECKENDORF.
1017 2928 1099 2993 Hill.
1119 2925 1218 2995 Luth.
1238 2926 1279 2991 L.
1292 2928 1335 2992 ll.
1354 2924 1569 3009 §.xxxvl
1588 2922 1776 3010 p.101.qus

456 3008 613 3091 speciatim
631 3011 660 3159 qt
679 3014 808 3078 nomina
823 3013 1020 3079 visitatorum
1036 3031 1219 3097 enumerat,
1236 3012 1518 3079 &locavisrtationi
1535 3010 1674 3097 ipsorum
1682 3006 1773 3095 assig-

455 3109 526 3158 nata
541 3115 633 3159 recen
649 3111 690 3160 et.
1308 3132 1310 3135 ¹

495 3180 547 3260 (c)
575 3178 1570 3268 VerbaCAlllERARIlinVitnMelanchth.l.c.p.109.‘
1691 3196 1729 3217 ·’
1795 3245 1797 3250 .

496 3264 549 3342 (d)
576 3262 628 3327 Est
645 3266 796 3347 equidem
810 3265 900 3344 juxta
918 3266 1015 3330 libelli
1033 3266 1118 3331 illius
1136 3284 1279 3333 tenorem
1296 3282 1366 3333 tum
1383 3267 1428 3331 A.
1441 3284 1533 3347 1527.
1558 3265 1589 3329 dt
1609 3260 1702 3343 1528.
1726 3261 1775 3329 ittd

455 3342 726 3435 slitutaVifitati0‚
749 3350 854 3413 addito
872 3349 1017 3433 fingulari
1033 3352 1182 3416 mandato
1199 3353 1262 3417 live
1278 3349 1700 3426 irrstruetionevtfintorum‚
1716 3366 1775 3409 cu·

454 3446 506 3505 jus
536 3429 629 3492 breue
658 3450 882 3516 argumentum
914 3454 952 3498 ex
976 3434 1120 3499 Archivo
1145 3436 1316 3500 Vinariensr
1340 3436 1432 3499 refert
1456 3426 1773 3499 SECKENDOR·

457 3508 484 3572 F
490 3508 569 3574 lUS
595 3510 636 3575 L.
654 3515 695 3578 ll.
721 3516 750 3596 s.
769 3515 944 3582 XXXVI.
962 3540 992 3602 p.
1006 3537 1077 3599 100,
1096 3537 1167 3583 101.
1192 3519 1255 3584 Sed
1272 3520 1313 3583 ita
1329 3535 1452 3596 tamen,
1476 3530 1511 3578 ut
1528 3513 1675 3593 deinceps
1687 3510 1776 3578 idua

456 3593 510 3655 ille
534 3593 658 3661 libellus
676 3600 860 3665 visitatorius
875 3601 914 3665 ad
931 3600 1131 3683 Lutlretum,
1154 3605 1217 3683 uti,
1234 3602 1254 3664 ss
1273 3622 1344 3684 quae
1360 3597 1542 3681 corrigenda
1555 3593 1782 3688 arbitraretur,

455 3676 643 3759 corrigeret,
674 3681 766 3749 suerit
788 3684 916 3765 missus,
947 3686 1130 3769 priusquam
1155 3686 1380 3751 excuderetur:
1413 3682 1488 3745 Fuit
1511 3680 1595 3745 euim
1619 3678 1662 3745 A.
1678 3676 1770 3759 1528.

454 3759 590 3823 demum
606 3765 738 3831 excusus
755 3787 887 3852 quoque
904 3769 960 3835 sub
977 3773 1022 3836 tit.
1047 3767 1231 3832 Unterrichr
1247 3769 1302 3830 der
1316 3763 1502 3842 Vifitatoren
1516 3788 1556 3827 an
1572 3762 1621 3827 die
1635 3763 1775 3843 Pfarren
1886 3812 1890 3816 -

452 3845 498 3906 im
524 3844 820 3928 Churfurstenrbum
843 3852 991 3934 Samson,
1014 3874 1090 3918 eum
1108 3852 1283 3938 praeloquio
1299 3848 1449 3929 Lutheri,
1473 3850 1528 3933 qui
1544 3848 1683 3934 inprimis
1699 3849 1773 3915 arti.-

452 3933 568 3992 culum
602 3930 641 4011 de¹
670 3932 864 3997 Sacramenta
894 3938 993 4001 Cane
1017 3936 1196 4002 immutasse
1219 3936 1329 4000 multis
1353 3933 1456 3999 modis
1480 3935 1664 4021 perhibetur.
1702 3934 1774 3997 vid·¹

454 4011 664 4079 Seckendorf.
690 4018 712 4077 l.
730 4038 760 4081 c.
786 4016 844 4081 fol.
856 4038 926 4101 104,
949 4039 1018 4101 105.
1042 4020 1137 4086 addit.
1155 4021 1198 4084 ll.
1219 4040 1252 4083 n.
1270 4021 1334 4101 (r.)
1359 4017 1414 4103 qui
1430 4018 1461 4084 id
1477 4039 1610 4103 quoque
1624 4019 1683 4083 sol.
1697 4032 1768 4097 103.

394 4104 399 4112 “
452 4098 613 4183 observat,
632 4119 730 4183 quam
748 4099 839 4183 hujus
857 4104 973 4185 libelli,
990 4104 1182 4170 renovata&
1200 4105 1364 4170 emendata
1379 4106 1417 4169 ab
1433 4104 1498 4190 ipso
1512 4102 1656 4167 Luthero
1672 4100 1768 4165 editio

453 4182 595 4260 prodierit
613 4185 657 4251 A.
670 4183 763 4269 1538.
786 4185 844 4252 sub
859 4188 972 4254 titulo:
996 4187 1066 4254 Das
1087 4186 1434 4269 visttation-Brtchlein,
1452 4189 1580 4273 quando
1596 4189 1773 4269 nonnulla,

453 4283 523 4347 quae
540 4270 621 4351 prius
638 4272 743 4338 adhuc
758 4286 884 4359 propter
899 4272 1044 4341 infirmos
1061 4273 1120 4342 usu
1137 4273 1319 4360 veniebant,
1343 4274 1473 4349 fuerunt
1489 4269 1632 4348 omiliaz,
1727 4351 1733 4358 q
1767 4334 1770 4342 ,
