4442 5150
1043 621 1161 722 (ὃς)

469 746 565 822 stum
589 743 717 821 sensille
742 762 849 845 puto,
870 769 980 845 quum
1004 750 1115 822 vetuit
1134 750 1328 847 margaritas
1344 769 1420 826 ante
1437 773 1562 848 porcos
1581 748 1749 850 dillipari:

470 845 533 941 qui
552 843 686 917 fortalle
699 845 731 915 in
744 864 777 916 te
787 844 940 915 conversi
953 867 1072 941 magna
1084 865 1117 917 te
1133 842 1259 918 saevitia
1273 847 1511 944 discerperent,
1526 869 1566 917 ac
1580 846 1613 920 in
1629 872 1750 944 perpe·

471 958 575 1014 tuum
594 935 825 1036 Euangelittm
838 937 969 1011 Christi
985 939 1172 1012 horrerent.
1223 939 1405 1035 Palpandae
1422 942 1527 1039 igitur
1541 946 1617 1014 lunt
1634 945 1677 1015 ha
1692 949 1750 1038 se·

471 1061 512 1108 ra
532 1034 657 1106 leuius:
681 1035 718 1107 ὅ(
736 1033 903 1105 adratum
918 1031 1079 1105 insultum
1094 1031 1262 1129 paulisper
1272 1035 1481 1123 cedendum,
1501 1035 1611 1128 donec
1623 1041 1749 1132 patien-

469 1131 515 1203 tia
528 1127 640 1200 nostra
657 1127 889 1224 intrepidique
903 1126 1049 1224 pectoris
1072 1127 1256 1201 constantia
1270 1129 1449 1227 superatae,
1470 1137 1589 1203 cicures
1609 1133 1749 1207 reddan-

469 1242 542 1297 tur.
592 1223 749 1296 Dedit&
772 1224 892 1295 Petrus
913 1222 1059 1318 aliquid,
1089 1247 1198 1318 quum
1216 1222 1325 1297 tlixitr
1348 1226 1414 1298 Sed
1427 1222 1600 1297 nuncscio
1614 1225 1749 1322 fratres,

469 1320 553 1485 {uia
570 1316 763 1484 iffitrrantes
786 1317 924 1409 fecistis,
951 1318 1044 1390 <ledit
1064 1316 1210 1408 Paulus,
1232 1320 1316 1391 dum
1329 1320 1469 1393 Galatas
1481 1317 1583 1409 laete,
1609 1344 1678 1392 non
1694 1322 1748 1394 so.

488 1414 547 1486 rdo
562 1419 593 1487 ci
658 1413 754 1485 aluit.
803 1412 984 1485 Celletunt
1000 1436 1118 1485 omnes
1135 1412 1294 1510 Apostoli
1310 1414 1463 1503 saevitiae,
1487 1414 1573 1486 dum
1586 1439 1657 1487 non
1671 1440 1747 1510 pet·

468 1507 628 1580 vicaciter
653 1507 789 1581 Senatui
810 1507 1093 1604 obstrepuerunt,
1118 1507 1286 1581 vibicibus
1301 1509 1401 1582 etiarn
1419 1507 1537 1581 lividi:
1561 1509 1749 1606 sedaprae·

470 1601 639 1674 dicatione
661 1627 729 1674 non
753 1598 928 1675 ceffatunt.
955 1602 999 1674 sic
1024 1625 1110 1698 rogo
1134 1602 1195 1675 fias
1216 1603 1331 1676 omnia
1357 1602 1543 1693 omnibus,
1569 1626 1611 1675 ne
1634 1625 1750 1679 tecum
1873 1632 1875 1637 ·

470 1697 630 1770 Christus
646 1697 862 1793 explodatur.
886 1698 979 1770 serva
1005 1696 1102 1769 nobis
1120 1696 1299 1769 Christum
1315 1698 1408 1795 apud
1425 1718 1520 1786 tuos,
1541 1697 1578 1771 ὃ(
1591 1716 1623 1770 te
1649 1697 1750 1772 nobis

469 1791 693 1888 Christoque.
745 1793 791 1863 Et
812 1792 896 1864 dum
918 1814 1042 1864 nomen
1062 1791 1217 1864 nostrum
1234 1789 1320 1864 male
1338 1792 1434 1868 audit
1446 1791 1538 1891 apud
1560 1810 1664 1881 tuos,
1688 1817 1749 1889 pa·

391 1945 394 1950 .
469 1885 702 1976 tienteraudi,
729 1911 771 1960 ne
789 1909 925 1959 mecum
952 1885 1174 1960 maleaudias.
1263 1920 1269 1935 ¹

484 2033 489 2039 -
515 1982 724 2080 Quanquam
738 1980 833 2077 quod
847 1982 896 2053 illi
912 1982 1141 2078 impudentius
1155 1984 1190 2055 in
1216 2005 1271 2056 me
1287 1980 1431 2082 jactant,
1454 1981 1745 2079 impudentillime

464 2077 656 2150 confinium
672 2077 740 2149 est:
765 2100 876 2172 neque
899 2079 1085 2149 enimcum
1105 2077 1254 2168 Franco,
1284 2102 1395 2174 neque
1404 2102 1487 2150 cum
1499 2075 1635 2150 Caesare
1648 2080 1746 2173 quic·

495 2196 571 2242 uam
594 2195 778 2245 commune
805 2171 969 2244 habemns
1002 2194 1127 2268 praeter
1144 2192 1285 2248 caeteros
1312 2173 1492 2261 mortales,
1521 2170 1585 2243 nist
1604 2175 1746 2246 unicum

506 2265 664 2341 hristum:
686 2269 748 2362 qui
773 2269 1002 2372 nescioquam
1024 2266 1149 2340 fitillis
1169 2267 1282 2356 cordi,
1305 2267 1392 2342 dum
1412 2267 1545 2342 coelum
1566 2286 1664 2339 terrae
1681 2267 1745 2340 mi·

465 2357 578 2449 scent,
590 2368 635 2434 'et
651 2363 764 2434 omnia
777 2361 985 2435 tumultibus
999 2362 1035 2435 ἃ
1049 2360 1201 2436 caedibus
1214 2363 1366 2459 implent.

514 2457 739 2530 Salvere'ube
751 2457 869 2530 nostro
880 2458 1018 2531 nomine
1030 2458 1180 2533 amicum
1192 2459 1349 2542 nostrum
1361 2459 1576 2555 Trempum,
1595 2458 1742 2533 Sebasti·
1849 2516 1851 2518 -

463 2552 798 2643 anum,Vaeriumt
826 2555 994 2646 medicos,
1022 2554 1115 2628 hunc
1143 2579 1363 2651 corporum,
1393 2555 1742 2631 illum-animorum:

462 2648 643 2720 Thomam
673 2647 972 2738 Vitemba'chium,
992 2649 1224 2723 charillimum
1246 2675 1356 2743 praece
1382 2670 1491 2721 torem
1516 2652 1688 2738 nostrum,
1715 2651 1741 2723 li

488 2742 603 2812 nando
616 2740 656 2810 ad
673 2765 734 2812 vos
751 2745 958 2833 concellerit,
977 2766 1010 2818 et
1025 2745 1142 2816 omnia
1158 2741 1240 2814 boni
1252 2674 1402 2816 consuie.
1424 2742 1524 2837 Opto
1543 2763 1575 2817 te
1591 2742 1692 2817 frater
1705 2746 1740 2816 in

500 2833 747 2910 hristovalere.
795 2837 852 2913 Ex
864 2841 996 2940 Tig.4,
1017 2837 1177 2980 Calklass·
1195 2860 1297 2980 1522.
1664 2864 1676 2886 ι’

934 2936 956 2981 a

947 3022 952 3045 ⁸
989 3030 1011 3080 n
1174 3027 1198 3076 n

1084 3127 1107 3173 n

728 3221 1132 3299 BERCHTOLDUS
1160 3220 1471 3315 HALLERUS,

761 3320 1051 3393 HULDRlCO
1074 3321 1364 3394 ZWlNGLlO.
1387 3323 1423 3393 S.

489 3405 1734 3515 EpistulamTuamliteratissrmtm‚integerrimePtaeceptcr,cumobviis,

454 3507 1443 3678 lllllrlllllltaillllltlllllllltllllrl?
1450 3507 1735 3697 lilrlliigssl⁰⁶'

508 3695 650 3768 Animus
669 3698 757 3768 enirn
783 3723 879 3772 meus
902 3699 1054 3771 nonnihil
1079 3699 1140 3772 lrac
1165 3722 1279 3771 return
1308 3699 1344 3770 &
1368 3694 1546 3767 hominum
1573 3697 1732 3770 varietate

452 3785 623 3885 dejectus,
652 3790 687 3862 ὃ(
711 3793 752 3864 ad
773 3793 973 3867 sufferendas
1006 3794 1142 3892 injurias
1172 3793 1370 3889 impatiens,
1395 3790 1457 3861 hac
1487 3790 1569 3863 Tua
1595 3791 1730 3887 Episto-

452 3882 484 3987 la
509 3881 556 3955 fic
579 3883 743 3958 obduruit
765 3891 806 3961 ad
827 3890 941 3962 omnia
961 3906 1192 3961 aerumnarum
1217 3911 1363 3984 genera,
1392 3904 1430 3957 ut
1451 3886 1639 3982 aequiotem
1654 3889 1727 3983 jatn

453 3979 519 4050 tllis
539 4003 594 4051 me
617 3981 786 4077 praebeam
807 4040 816 4073 ‚
839 3985 900 4079 qui
918 3986 1011 4056 nulla
1040 3983 1174 4076 penitus
1206 3982 1338 4076 injuria*
1353 3980 1489 4054 lacelsrti
1525 3981 1601 4068 (nili
1634 3984 1725 4054 Ver·

452 4070 538 4145 bum
567 4076 738 4163 Domini,
763 4100 800 4150 ur
830 4079 963 4165 solent,
990 4079 1145 4173 injuriam
1169 4081 1447 4173 interpretentur}
1473 4078 1505 4151 se
1533 4076 1616 4147 mibi
1644 4076 1728 4147 inle-

450 4166 606 4255 stiffimos
636 4172 877 4270 praestiterunt.
926 4172 1005 4250 Nisi
1033 4177 1122 4342 elilim
1141 4198 1197 4248 me
1226 4172 1293 4247 tuis
1319 4170 1492 4247 excitaffes
1524 4169 1728 4260 calcaribus,

1109 4291 1132 4368 3
1655 4284 1727 4337 tor·
