4442 5150
419 662 589 760 ιιιμγ.
752 659 1392 742 annovera
1659 676 1736 777 18,-

418 787 648 893 „haereticis
673 790 833 890 undique
859 789 1106 886 diffamemur,
1141 818 1257 894 rogo,
1282 819 1323 872 ut
1341 795 1569 874 fundamenta
1586 799 1669 878 fidei
1688 807 1728 885 dt

416 889 537 991 „spei
565 887 695 964 nostrae
720 914 765 963 ex
793 890 1033 964 me'audiatis.
1077 891 1316 985 Profitemur,
1351 917 1556 990 peccatores
1578 924 1642 972 nos
1658 899 1727 979 effe

414 1043 445 1087 „
463 1009 611 1079 omnes,
645 989 763 1059 animo
790 988 826 1061 δι
852 984 1039 1062 affeslibus
1064 989 1108 1061 ad
1134 991 1266 1062 malum
1293 989 1428 1087 semper
1445 994 1659 1090 propensos,
1687 990 1726 1077 dc

415 1086 537 1185 „Dei
564 1083 744 1157 voluntati
770 1104 1019 1181 repugnantes.
1070 1086 1151 1159 Lex
1177 1107 1327 1183 peccata
1350 1087 1468 1160 nostr'a
1492 1094 1644 1188 arguit,
1682 1097 1727 1174 dt

415 1201 637 1284 „quantum
659 1180 702 1253 ab
722 1183 876 1281 imagine
894 1183 966 1255 Dei
985 1185 1021 1254 in
1039 1186 1230 1280 praeceptis
1248 1187 1324 1275 ejus
1342 1186 1525 1280 proposita
1543 1187 1723 1287 discrepe÷
1767 1194 1769 1199 '

414 1336 444 1380 „
460 1305 563 1373 mus,
595 1278 763 1353 ostendit.
803 1281 1040 1375 Agnitlonem
1058 1283 1197 1377 peccati
1215 1280 1320 1354 dolor
1336 1283 1373 1356 &
1393 1301 1509 1355 metus
1522 1285 1653 1378 judicii
1669 1280 1726 1360 dii

414 1433 443 1478 „
460 1379 538 1452 vini
555 1376 727 1473 sequitur.
761 1376 848 1449 Hoc
866 1377 1071 1449 inevitabile
1087 1377 1161 1471 est,
1186 1402 1251 1451 nec
1269 1379 1382 1451 ullum
1401 1381 1618 1474 remedium,
1644 1383 1726 1457 nul-r

414 1529 444 1576 „
461 1475 496 1551 la
511 1477 618 1549 etiam
639 1473 752 1546 divini
770 1471 931 1564 consilii,
956 1498 1000 1546 an
1016 1476 1026 1544 i
1057 1473 1199 1549 noscere
1216 1476 1319 1548 nobis
1335 1476 1444 1567 velit,
1470 1477 1600 1553 notitia
1617 1479 1725 1555 habee

415 1625 444 1671 „
461 1591 548 1667 tur,
581 1570 646 1644 nifi
670 1595 775 1668 quam
795 1596 859 1669 per
875 1570 1010 1642 Filium
1027 1496 1127 1644 duum
1147 1572 1182 1644 in
1200 1597 1284 1644 carn
1360 1572 1503 1648 missum
1520 1575 1623 1649 nobis
1640 1601 1726 1675 ιρις

414 1725 444 1769 ,,
462 1669 549 1760 ruit,
581 1669 659 1743 Hic
677 1688 795 1742 autem
815 1668 996 1741 Dominus
1014 1668 1133 1741 noster
1148 1667 1246 1761 Jesus
1265 1670 1324 1750 Ch
1359 1671 1429 1743 llus
1446 1672 1596 1770 gratiam
1615 1674 1726 1770 patris

414 1823 444 1866 ‚,
461 1765 513 1840 sui
529 1766 726 1865 praedicat,
747 1769 783 1841 δι
795 1766 907 1857 dicit,
926 1763 959 1838 se
976 1765 1019 1837 ad
1034 1764 1215 1840 salvandos
1225 1767 1385 1840 homines
1395 1768 1545 1860 venisse,
1565 1770 1726 1845 &medis

415 1864 580 1964 „cinam
605 1861 753 1957 afferre,
785 1865 822 1937 &
844 1865 1031 1960 Scriptura
1046 1862 1215 1955 testatur,
1241 1865 1425 1959 quomodo
1444 1887 1591 1964 peccata
1608 1869 1727 1949 nostra

415 1961 630 2062 „Christus
656 1964 694 2034 in
720 1961 754 2034 se
780 1959 981 2055 susceperit.
1024 1962 1112 2033 Hoc
1131 1963 1346 2035 credendum
1365 1963 1441 2055 est,
1465 1965 1502 2037 δι
1521 1963 1603 2037 inde
1619 1962 1729 2040 unice

415 2114 445 2158 „
462 2057 643 2156 expefilari
670 2057 777 2132 debet
803 2060 962 2155 expiatio
987 2059 1148 2156 peccati:
1184 2061 1217 2134 A
1244 2058 1391 2132 Christo
1408 2062 1502 2134 enim
1520 2085 1593 2134 non
1609 2058 1727 2141 solinu

415 2158 643 2257 „tolluntur
669 2176 838 2252 peccata,
871 2155 930 2228 sed
949 2157 986 2230 δι
1005 2158 1080 2250 ejus
1096 2155 1269 2248 vistoria,
1295 2155 1523 2249 resurreetio,
1544 2158 1723 2253 justificas

418 2307 448 2351 ,‚
465 2255 539 2349 tio,
563 2253 748 2348 sandlitas,
781 2253 970 2346 liberatio,
1004 2255 1140 2349 aliaque
1164 2253 1258 2327 bona
1276 2254 1377 2326 nobis
1395 2255 1584 2329 donantur.
1628 2252 1727 2333 Haec
1767 2289 1786 2314 ι’

416 2404 446 2450 ,‚
462 2354 581 2428 omnia
597 2352 669 2427 fide
686 2369 936 2448 acceptamus,
956 2352 1068 2424 &nos
1087 2350 1343 2445 peerristum
1363 2350 1553 2444 liberatos,
1569 2350 1725 2449 sanlius,

413 2503 443 2547 „
456 2449 596 2545 justos,
628 2449 752 2525 beatos
779 2449 817 2522 &
844 2447 937 2522 filios
965 2448 1037 2521 Dei
1061 2447 1131 2528 effe
1157 2446 1393 2542 confidimus,
1427 2448 1491 2522 ista
1517 2452 1637 2523 omnia
1653 2449 1726 2526 fide

413 2602 442 2649 „
460 2549 700 2659 acquirimus,
724 2546 856 2642 absque
874 2544 946 2619 fide
963 2544 1054 2618 nihil
1071 2570 1196 2619 eorum
1216 2566 1388 2621 tenemus.
1423 2546 1531 2623 Hanc
1549 2545 1657 2622 fidem
1675 2546 1728 2624 sc·

414 2699 446 2744 „
462 2663 587 2741 quitur
604 2644 757 2738 Spiritus
773 2642 931 2729 sanctum
960 2644 988 2716 is
1005 2637 1160 2716 effundit
1177 2644 1213 2715 in
1232 2642 1342 2715 corda
1359 2643 1476 2717 nostra
1491 2645 1725 2739 charitatem,

416 2794 447 2839 „
464 2752 508 2814 ut
526 2741 648 2813 Deum
665 2763 828 2837 tanquam
849 2764 984 2838 patrem
1003 2762 1183 2833 amemus,
1211 2737 1390 2837 sicutipse
1407 2764 1471 2814 nos
1489 2743 1634 2814 amavit.
1661 2743 1723 2813 ln·

415 2892 444 2937 „
462 2836 508 2912 de
532 2834 670 2911 frueris
696 2838 717 2912 s
737 2841 836 2911 iritus
855 2864 900 2912 ex
919 2838 1112 2932 spontaneo
1130 2839 1348 2936 proveniunt
1366 2837 1497 2931 corde,
1523 2861 1611 2934 quos
1628 2838 1721 2910 Pau·

413 2990 441 3035 „
460 2934 515 3011 lus
531 2936 576 3011 ad
604 2935 687 3009 Gal.
749 2992 757 3009 .
785 2956 979 3009 enumerat.
1019 2934 1100 3009 Ubi
1125 2934 1231 3009 arbor
1247 2936 1407 3009 nondum
1426 2935 1520 3010 bona
1535 2932 1608 3026 est,
1634 2933 1723 3008 fidet

414 3088 443 3132 „
459 3058 533 3108 non
557 3029 609 3107 est
628 3034 783 3124 sincera,
808 3032 950 3129 spiritus
970 3034 1007 3107 &
1024 3031 1113 3108 fides
1131 3032 1273 3108 nonest
1291 3035 1327 3107 in
1344 3034 1479 3123 corde,
1503 3032 1640 3107 sienim
1659 3034 1722 3107 ad·

413 3184 441 3230 ‚,
458 3130 590 3226 essent,
622 3134 750 3229 utique
767 3150 1017 3225 operarentur,
1043 3152 1085 3205 ιιι
1102 3132 1202 3205 calor
1220 3121 1265 3206 δι’
1278 3132 1397 3205 lumen
1416 3134 1536 3232 ignem
1553 3130 1724 3229 sequitur.

414 3282 443 3330 ,‚
460 3229 556 3303 Haec
574 3232 696 3303 omnia
712 3224 827 3301 eflicit
845 3230 882 3298 in
899 3230 1002 3301 nobis
1022 3230 1260 3329 Evangelium
1279 3233 1317 3305 &
1331 3230 1480 3304 verbum
1499 3231 1583 3304 Dei.
1610 3228 1727 3323 Quod

412 3378 442 3423 „
461 3326 608 3400 Sanslos
634 3328 786 3418 attinet,
820 3325 1000 3421 duplicem
1029 3328 1221 3402 utilitatem
1247 3328 1290 3399 ab
1315 3330 1357 3400 iis
1380 3329 1568 3416 habemus,
1615 3334 1723 3416 rima,

414 3475 443 3519 „
460 3442 503 3493 ut
525 3423 611 3495 fides
629 3422 748 3496 nostra
764 3423 910 3495 illorum
928 3425 1096 3521 exemplo
1114 3424 1328 3514 roboretur,
1355 3422 1557 3496 sicutenim
1575 3350 1722 3492 llorum

415 3573 443 3614 „
462 3516 570 3591 fidem
589 3519 742 3616 respexit
761 3522 883 3612 Deus,
909 3520 1048 3620 illisque
1066 3523 1232 3620 ignovit,
1259 3523 1296 3593 &
1314 3520 1407 3591 filios
1423 3514 1627 3591 &haeredes
1642 3513 1725 3590 lbos

417 3667 444 3712 ,‚
463 3613 573 3708 fecit,
606 3617 655 3688 ita
681 3618 718 3691 &
744 3619 848 3692 nobis
875 3618 993 3692 faciet.
1037 3618 1125 3691 Hoc
1152 3617 1223 3690 fine
1248 3617 1467 3713 proponitur
1489 3611 1639 3686 aiPaulo
1657 3637 1722 3687 ex·

414 3765 443 3811 „
462 3713 622 3808 emplum
649 3713 842 3788 Abrahami
870 3717 983 3789 Rom.
1003 3714 1075 3789 lV.
1110 3715 1323 3789 &aliorum
1352 3712 1582 3804 multotum,
1602 3711 1724 3788 Hebr.

412 3864 441 3910 „
460 3809 533 3881 Xl.
568 3808 714 3883 salutem
733 3810 821 3886 verb
838 3812 1064 3887 solummodo
1080 3836 1145 3911 per
1162 3809 1347 3885 Christum
1366 3810 1517 3883 unicum
1537 3809 1723 3908 Mediato-

412 3962 440 4007 „
460 3932 535 3981 rem
561 3905 800 4002 adipiscimur.
843 3912 931 3983 Hoc
957 3913 1076 3983 omnia
1096 3908 1312 3980 confirmant
1331 3908 1501 3981 miracula
1509 3940 1526 3996 ι
1558 3906 1656 4004 Qrae
1675 3903 1722 3979 eb

413 4061 441 4104 „
459 4031 531 4079 non
560 4005 744 4097 tendunt,
784 4006 868 4079 lisla
893 4009 973 4081 sunt
997 4028 1060 4079 aut
1085 4004 1235 4079 fallacia.
1279 4007 1422 4080 Secundi
1447 4007 1553 4079 etiam
1579 4027 1724 4076 morum

413 4157 440 4200 „
458 4103 667 4199 exemplum
696 4126 741 4174 ex
768 4104 903 4179 Sandlis
929 4103 1142 4202 capiendum
1160 4105 1234 4197 est,
1259 4104 1302 4177 ad
1320 4130 1482 4178 normam
1499 4125 1620 4177 tamen
1635 4101 1722 4173 vitae

413 4254 442 4299 „
460 4203 624 4300 Christi,
658 4204 779 4304 itaque
803 4203 935 4278 Paulus
964 4204 1082 4278 icor.
1099 4202 1171 4309 Ill.
1200 4215 1256 4279 16.
1292 4202 1428 4303 jubet,
1457 4221 1500 4278 ut
1524 4199 1727 4363 imitatorpp

1601 4344 1629 4386 aa
1646 4315 1682 4388 ej
