4442 5150
464 601 633 699 A·1r27·
795 600 836 673 n
884 600 917 674 a
967 599 1009 673 N
1059 601 1097 674 o
1146 559 1268 678 v'it
1316 556 1355 681 'a
1404 609 1437 683 1.
1703 617 1770 694 181

462 728 733 810 consummandi
759 729 916 804 delusum
943 731 1136 824 sentiebat,
1163 731 1333 830 siquidem
1356 737 1419 833 ipfi
1438 737 1486 811 ob
1507 737 1771 840 Lutlierannm,

462 855 570 930 quam
598 827 861 926 profitebatur,
906 830 1115 925 religionem
1146 830 1403 906 consummatio
1431 842 1651 910 matrimonii
1679 843 1770 939 legi·

461 932 552 1005 time
586 927 794 1035 ceteroquin
829 925 923 1022 pasti
955 929 1218 1021 denegaretur,
1262 930 1298 1002 ὃ(
1327 930 1474 1005 Caesaris
1501 935 1637 1030 legatus
1665 940 1770 1012 Hau·
1891 984 1894 989 ·

460 1047 604 1116 nartus,
639 1048 702 1121 qui
736 1041 823 1094 tunc
858 1047 922 1118 per
956 1023 1184 1095 Germaniam
1218 1045 1313 1116 etat,
1349 1028 1471 1124 aperte
1505 1032 1660 1124 diceret,
1695 1061 1768 1110 non

460 1122 529 1199 effe
555 1121 663 1195 fidem
691 1118 891 1191 servandam
917 1121 1116 1212 haereticis,
1151 1122 1453 1217 Constantiensis‚
1480 1147 1520 1197 ut
1538 1132 1689 1223 opinor,
1718 1136 1768 1225 (a)

461 1220 611 1295 concilii
637 1217 785 1313 vestigia
810 1215 970 1307 secutus,
1005 1219 1059 1293 uti
1085 1219 1229 1314 quidem
1258 1221 1292 1290 in
1320 1218 1453 1316 scripto
1481 1225 1635 1319 quodam
1654 1230 1768 1300 Saxo-

460 1321 531 1393 niae
560 1319 649 1390 Dux
676 1312 799 1411 postea
827 1335 1097 1387 commemorat.
1141 1315 1201 1387 De
1226 1315 1301 1388 aliis
1325 1318 1436 1411 igitur
1455 1323 1588 1415 nuptiis
1606 1326 1769 1418 cogitare

458 1416 608 1512 coepit,
652 1411 788 1507 sibique
815 1413 975 1505 Sibyllam
997 1411 1169 1503 Johannis
1196 1413 1312 1487 Ducis
1337 1415 1514 1488 Clivensts
1540 1418 1668 1490 Filiam
1694 1423 1767 1495 ele·

487 1512 516 1586 it
541 1509 698 1608 sponsam
725 1529 883 1601 atquem
903 1510 1172 1585 matrimonium
1191 1508 1307 1583 duxit.
1351 1511 1492 1586 Interes
1509 1511 1596 1586 verb
1615 1518 1695 1589 haec
1714 1543 1769 1594 res

457 1535 692 1704 Xvangelicae
718 1600 890 1677 dbslrina·
918 1605 961 1677 ad
988 1604 1070 1677 alias
1096 1629 1241 1702 quoque
1259 1627 1388 1702 terras,
1414 1611 1452 1684 ὃ(
1470 1612 1615 1706 quidem
1634 1614 1676 1685 ad
1694 1617 1770 1708 Juq

456 1704 730 1800 Raro-Csiveirses
746 1698 989 1774 diffundendae
1009 1703 1260 1797 pulcerrimam
1278 1705 1383 1778 dabat
1400 1707 1526 1780 ansam.
1556 1708 1768 1785 Proficisce-

458 1803 666 1877 baturenim
676 1801 1067 1895 JahannesFri'dericus,
1086 1800 1128 1872 ad
1141 1798 1298 1896 sponsam
1309 1803 1517 1896 videndam,
1533 1805 1570 1877 in
1581 1808 1768 1883 Ducatum

457 1900 683 1990 Clivensem,
702 1901 738 1972 &
752 1900 786 1969 in
805 1899 982 1969 comitatu
996 1893 1057 1968 suo
1071 1896 1247 1970 sacrorbm
1259 1899 1572 1976 causaFri'deri'cunr
1583 1906 1767 1980 MYCO·

456 1997 499 2073 N
504 1998 612 2073 IUM
629 1998 683 2092 (bl
703 1994 876 2085 habebat,
896 1996 956 2091 qui
977 1992 1122 2091 lingulis
1140 1994 1263 2068 diebus
1282 2021 1402 2070 coram
1413 2023 1456 2072 eo
1467 2001 1766 2100 concionabatur,

455 2097 556 2192 quod
582 2096 713 2186 etiam,
748 2088 1033 2164 Duffeldorffum
1059 2115 1142 2164 cum
1162 2091 1309 2166 venisset
1326 2096 1520 2193 Princeps,
1547 2098 1583 2170 in
1600 2124 1681 2174 arce
1699 2100 1776 2176 lie·¹
1806 2158 1809 2163 ·

455 2191 531 2265 bat.
572 2192 658 2265 Hoc
679 2189 769 2263 male
789 2189 938 2261 habebat
957 2191 1147 2283 Johamiem
1166 2193 1406 2286 Corbachium,
1431 2195 1469 2266 in
1486 2216 1669 2269 conventu
1685 2200 1765 2272 Co·

457 2287 604 2369 luniensi
629 2287 844 2364 monachum
872 2283 902 2357 F
905 2285 1168 2378 ranciscanum,
1201 2287 1237 2359 in
1263 2288 1323 2360 illa
1348 2290 1435 2364 urbe
1453 2310 1543 2365 tunc
1560 2293 1767 2391 degentem.

455 2385 560 2461 Hinc
575 2383 721 2484 publice
738 2386 776 2456 in
794 2383 932 2478 templo
951 2381 971 2454 ὲ
991 2382 1136 2480 pulpito
1152 2382 1349 2460 declamans
1365 2387 1401 2459 d.
1418 2387 1551 2461 XVII.
1569 2390 1675 2466 Febr.
1701 2392 1764 2466 de·

455 2507 536 2560 cem
563 2484 731 2558 articulos
749 2479 945 2555 credendos
962 2482 1159 2570 enarravit,
1186 2482 1223 2556 &
1243 2480 1346 2557 fimul
1363 2483 1581 2559 acerbissime
1597 2488 1633 2559 iu
1652 2513 1767 2566 novos

454 2580 732 2679 praedicatores,
751 2604 840 2676 quos
858 2578 988 2676 absque
1007 2579 1199 2653 vocatione
1215 2580 1332 2675 ajebat
1349 2583 1500 2675 docere,
1521 2585 1764 2682 inve&usest,

455 2677 675 2773 promittens
693 2696 809 2750 tamen
827 2677 862 2747 in
883 2674 954 2750 fine
972 2675 1163 2768 orationis,
1188 2687 1215 2768 ,'‚
1234 2674 1259 2747 fi
1279 2681 1357 2773 quis
1374 2680 1502 2752 erroris
1519 2705 1602 2754 eum
1616 2708 1766 2780 arguere

456 2819 484 2867 „
503 2772 634 2865 vellet,
668 2771 703 2846 sc
725 2772 926 2845 auditurum
956 2773 993 2847 &
1014 2796 1059 2845 ex
1079 2774 1266 2867 Scriptura
1284 2770 1573 2849 reformationem
1593 2778 1762 2875 suceptu-

453 2923 480 2964 ,‚
501 2894 581 2944 rum
607 2867 686 2944 esse.
705 2922 732 2963 „
773 2869 895 2966 Hujus
921 2870 1114 2943 oblationis
1137 2869 1259 2962 causa,
1294 2872 1388 2945 Baro
1415 2878 1585 2948 Araricus
1613 2876 1763 2976 (Anarg

453 2968 697 3056 Wildenfels)
731 2964 773 3039 ad
802 2966 1049 3041 Corbachium
1070 2965 1191 3060 mifit,
1216 2991 1370 3064 eumque
1387 2972 1550 3068 rogavit,
1575 2993 1617 3046 ut
1633 2975 1762 3051 eodem

451 3064 510 3141 die
532 3067 752 3164 Myconium
770 3066 1068 3138 concionaturum
1087 3067 1124 3138 in
1139 3089 1220 3138 arce
1236 3067 1396 3159 audiret,
1421 3092 1597 3167 eumque,
1623 3070 1762 3148 fisorte

452 3164 539 3261 quid
560 3184 686 3238 contra
703 3162 915 3259 scripturam
935 3163 1090 3255 diceret,
1117 3164 1299 3259 corrigere
1316 3166 1446 3260 vellet,
1473 3168 1708 3264 promittens,
1726 3171 1763 3245 se

435 3261 675 3358 colloquium
703 3262 797 3334 inter
821 3284 881 3332 eos
900 3280 1173 3355 procuraturum
1192 3260 1272 3334 esse.
1307 3262 1512 3338 Monachus
1531 3263 1618 3338 verb
1637 3291 1761 3363 preces

451 3358 621 3452 Batonis,
652 3360 739 3432 licet
765 3356 891 3430 eodem
911 3358 969 3429 die
986 3359 1126 3431 iteratas
1144 3360 1181 3431 &
1199 3357 1357 3454 sequenti
1375 3362 1432 3432 die
1453 3362 1623 3454 Myconii
1641 3366 1759 3433 nomi·

451 3478 497 3528 ne
513 3458 704 3553 repetitas,
729 3449 836 3550 plane
855 3452 1008 3550 respuit,
1034 3455 1177 3526 tandein
1197 3474 1316 3527 tamen
1335 3454 1521 3552 promisit,
1547 3455 1580 3527 se
1599 3456 1760 3532 d.XlX.

449 3551 634 3626 Februarii
662 3551 704 3623 ad
726 3551 948 3646 colloquium
968 3553 1004 3623 in
1023 3551 1181 3648 hospitio
1199 3552 1347 3623 Baroiiis
1365 3548 1644 3642 instituendum,
1671 3576 1759 3626 veri·

451 3666 576 3720 turum
603 3648 682 3720 esse.
724 3644 899 3722 Promissis
923 3650 1029 3721 etiam
1057 3648 1176 3739 stetit,
1210 3646 1314 3742 seque
1340 3669 1461 3718 coram
1491 3645 1761 3748 locolioraque

451 3736 625 3815 destinata
642 3744 830 3832 exhibuit,
858 3745 954 3818 Cum
972 3746 1015 3818 ad
1033 3743 1306 3840 disputationem
1325 3741 1533 3814 audiendam
1550 3742 1623 3840 ipse
1642 3748 1757 3821 Saxo·

450 3841 523 3912 niae
551 3840 721 3936 Princeps
747 3866 828 3914 cum
856 3841 922 3916 suis
948 3840 1177 3934 consiliariis,
1211 3840 1388 3934 multique
1415 3839 1554 3936 insuper
1580 3844 1758 3922 Clivenlis

451 3937 572 4013 Ducis
596 3936 703 4010 aulici
721 3961 761 4011 ac
778 3939 936 4033 nobiles,
963 3963 1028 4014 nec
1046 3965 1120 4110 ripn
1137 3938 1284 4037 plurimi
1301 3937 1433 4012 literati
1450 3941 1546 4015 cives
1563 3964 1605 4014 ac
1624 3943 1757 4041 plebeji

1126 4057 1142 4135 3
1371 4117 1375 4125 ,
1663 4064 1763 4138 con·¹

492 4172 540 4249 (a)
567 4163 795 4236 SLEIDAN.
818 4162 932 4235 bvi.
957 4168 1016 4233 sol.
1027 4185 1086 4319 pa.
1110 4168 1139 4231 b.
1211 4153 1216 4215 ’-

363 4279 368 4285 ’
493 4254 545 4335 (b)
570 4249 918 4338 Cous-deMycouio.
942 4250 1023 4335 §.X
1065 4252 1109 4320 V·
1133 4273 1163 4337 p.
1178 4268 1232 4336 49,
1248 4269 1301 4337 50.
1324 4203 1403 4336 ἀᾷ.
1421 4250 1517 4322 LIX
1537 4204 1659 4337 pins.
