4442 5150
406 629 626 724 *mm
767 599 1406 694 nnnovnrr
1697 645 1762 726 w

452 808 481 853 „
497 777 577 831 turn
604 748 795 826 discordiae
817 748 949 820 malum
969 747 1073 819 latius
1092 745 1335 845 proserperet,
1361 747 1597 848 ipsequetejus
1615 749 1762 830 habere·

454 907 483 949 „
501 877 562 927 tur
580 851 679 925 caula
690 882 703 938 3
731 848 845 944 Quod
865 845 889 918 si
909 848 988 941 quis
997 843 1203 917 'dodlrinam
1223 848 1299 941 ejus
1317 850 1559 944 improbaret,
1585 852 1643 944 le,
1660 873 1700 926 ut
1718 856 1763 928 de

452 1005 480 1046 ‚,
501 954 567 1024 hac
592 947 694 1022 caula
710 945 916 1042 diligentius
934 943 977 1014 ad
993 944 1141 1014 verbum
1161 943 1234 1015 Dei
1251 945 1350 1017 velut
1366 945 1408 1017 ad
1428 946 1580 1042 lapidem
1601 951 1762 1045 Lydium

453 1101 480 1144 „
500 1046 740 1146 cognoscatur
766 1045 804 1116 dc
828 1041 1025 1113 suadere&
1046 1036 1066 1112 ὲ
1085 1039 1238 1137 vestigio
1256 1062 1417 1133 paratum
1437 1043 1469 1115 le
1489 1045 1604 1118 sistere
1622 1050 1664 1118 ad
1681 1051 1762 1123 red·

453 1197 481 1240 ‚,
499 1147 650 1219 dendam
676 1139 849 1213 dodlrinae
877 1139 1071 1228 rationem,
1106 1161 1220 1234 neque
1246 1139 1279 1210 se
1300 1138 1463 1236 refugere
1482 1166 1648 1237 poenam,
1678 1145 1762 1219 srea

453 1247 617 1336 „minus
651 1235 863 1334 deprehensa
892 1234 1008 1307 fuillet
1032 1235 1235 1330 Scripturas
1263 1238 1300 1307 S.
1327 1237 1510 1310 consona:
1563 1241 1761 1316 Enimverb
1848 1253 1850 1255 ’

456 1392 483 1434 „
503 1339 645 1412 Millam
673 1337 770 1432 quod
795 1351 1049 1423 concerneret,
1074 1330 1107 1405 se
1125 1331 1219 1403 bona
1237 1355 1318 1405 cum
1339 1334 1556 1408 conscientia
1571 1361 1648 1409 earu
1667 1341 1762 1413 resu-

452 1489 480 1531 ,‚
499 1462 594 1510 mere
620 1434 725 1507 semel
742 1434 950 1529 abrogatam
970 1453 1042 1498 non
1061 1429 1181 1525 polle,
1207 1431 1303 1526 quod
1321 1455 1361 1501 ea
1380 1453 1497 1504 tantos
1513 1433 1633 1507 secum
1653 1433 1763 1511 ferret

452 1588 480 1630 „
498 1535 625 1606 abusus
650 1528 810 1603 adversus
828 1526 936 1623 ipsius
955 1525 1094 1599 Christi
1111 1526 1394 1600 institutionem:
1423 1525 1610 1604 Caeterlrm
1627 1534 1661 1606 se
1679 1560 1761 1630 per·

455 1682 483 1726 „
502 1634 665 1705 lubenter
683 1627 704 1703 al
723 1627 950 1702 Canonicatu
967 1623 1048 1713 suo,
1067 1646 1140 1719 quo
1158 1621 1301 1696 functus
1318 1648 1391 1697 erat
1412 1627 1600 1723 haclenus,
1619 1631 1761 1706 desrste·

452 1783 480 1823 „
498 1754 557 1821 re,
588 1731 734 1827 jamque
760 1725 814 1815 le,
830 1771 833 1777 »
851 1721 925 1819 ipso
953 1718 1048 1792 facto
1075 1721 1227 1793 eundem
1255 1726 1292 1794 in
1321 1725 1514 1797 Procerum
1541 1752 1664 1801 manus
1689 1751 1762 1804 tra·

453 1879 481 1920 „
501 1828 604 1917 dere,
637 1847 681 1897 ne
707 1820 843 1920 quisse
869 1819 1049 1917 potiorem
1077 1818 1129 1889 sui
1157 1818 1265 1914 ipfius
1291 1820 1348 1892 vel
1375 1822 1465 1894 lucri
1491 1828 1620 1897 terreni
1639 1849 1762 1902 curam

453 1977 480 2019 „
499 1925 627 1996 babere
652 1941 799 2019 arguat,
835 1940 940 2013 quarn
964 1913 1071 2012 ipsius
1089 1915 1147 1987 vel
1165 1918 1345 2010 veritatis,
1373 1920 1429 1990 vel
1449 1920 1583 1993 civium
1599 1948 1760 1998 concor·

453 2024 568 2116 „diae
595 2021 653 2094 vel
702 2021 807 2091 loriae
835 2016 919 2087 Dei.
937 2065 964 2106 „
1008 2013 1088 2083 Hac
1115 2014 1361 2088 admonitione
1378 2017 1518 2091 Hallcri
1538 2021 1572 2091 id
1591 2017 1762 2098 effectum

455 2119 528 2211 est,
545 2139 603 2192 ‘ut
631 2043 882 2215 sullragiorum
907 2110 1110 2207 pluralitate
1131 2110 1400 2208 decerneretur,
1438 2168 1465 2208 „
1483 2116 1516 2190 se
1533 2121 1698 2216 equidem
1719 2123 1765 2192 il·

455 2219 569 2312 „lam
600 2215 843 2289 Canonicatus
870 2209 1144 2307 resignationem
1172 2211 1216 2283 ab
1246 2213 1395 2285 Hallero
1422 2213 1548 2288 factam
1577 2222 1761 2315 accipere,
1897 2252 1899 2257 ·

452 2367 480 2410 „
500 2314 557 2389 sed
586 2311 651 2410 ipsi
678 2335 798 2388 tamen
827 2335 890 2409 per
917 2309 1097 2407 integrum
1124 2305 1332 2402 biennium,
1359 2313 1493 2384 reditus
1511 2315 1690 2390 mansuros
1708 2317 1765 2390 in·

452 2467 479 2508 „
499 2435 644 2510 tegrosa
681 2413 822 2484 Interea
847 2429 992 2506 quoque
1019 2406 1052 2480 se
1079 2408 1123 2478 de
1141 2431 1238 2480 novo
1255 2432 1335 2480 eum
1355 2410 1570 2485 constituere
1590 2413 1765 2488 Ecclesrae

454 2563 481 2607 „
499 2510 571 2583 suae
590 2505 791 2595 Pastorem,
827 2508 887 2603 qui
908 2505 1070 2579 Verbum
1093 2504 1187 2597 Dei,
1214 2506 1456 2604 quodcunque
1472 2512 1601 2586 veteris
1620 2513 1657 2588 ὃ(
1676 2513 1764 2587 novi

451 2662 480 2703 ‚,
500 2604 701 2679 testamenti
726 2603 938 2679 audioritate
963 2602 1106 2700 probari
1124 2608 1267 2699 potest,
1293 2607 1548 2680 convenienter
1565 2610 1684 2683 ediblo
1702 2608 1765 2685 liro

452 2759 480 2800 „
498 2706 647 2777 antehac
678 2705 752 2777 lato
778 2705 1039 2795 annunciaret,
1082 2701 1187 2798 leque
1213 2702 1276 2801 ipli
1306 2725 1476 2797 praeterea
1502 2706 1547 2777 de
1572 2707 1768 2784 sufficienti¹

455 2858 480 2897 „
502 2798 751 2899 prospedluros
775 2800 855 2873 ,elle
888 2801 1037 2886 salari03
1085 2801 1250 2895 Denique
1279 2800 1313 2874 l'e
1338 2799 1405 2897 ipli
1432 2805 1615 2876 remittere
1641 2806 1769 2878 Millae,

452 2955 480 2996 „
499 2924 605 3000 quarn
631 2895 744 2971 modb
762 2898 806 2994 ab
826 2895 901 2996 ipso
920 2887 1201 2996 efflagitaverant
1218 2899 1519 2995 celebrationem,
1542 2900 1654 2977 modo
1672 2902 1764 3002 pure

453 3000 649 3095 „verbum
682 3000 912 3071 annunciaret
939 2998 975 3071 ὅ(
1003 2996 1066 3068 ubi
1092 2998 1326 3071 commodum
1353 2997 1464 3091 eil'et,
1508 3024 1590 3073 cum
1617 3003 1764 3100 reliquis

453 3099 698 3195 „pastoribus
733 3096 890 3194 publicis
924 3092 1102 3168 interellet
1136 3095 1295 3169 ecclesiae
1330 3100 1595 3173 cantationibus
1624 3104 1704 3193 (a):
1735 3154 1762 3196 ,‚

453 3199 541 3271 Hoc
577 3216 763 3293 tantopere
800 3192 1012 3289 quibusdam
1047 3191 1262 3290 displicuille
1292 3193 1444 3268 refertur
1462 3242 1485 3289 ,·
1516 3220 1557 3272 ut
1584 3199 1764 3296 primariae

452 3295 614 3391 quaedam
642 3292 787 3366 familiae
816 3287 1005 3363 Beruenses
1031 3289 1065 3362 le
1091 3291 1219 3364 abinde
1239 3295 1396 3388 recipere
1414 3318 1521 3391 atque
1537 3298 1574 3366 in
1592 3296 1658 3367 alia
1675 3317 1762 3368 cum

452 3392 519 3460 suis
538 3394 688 3484 migrare
707 3394 787 3462 loca
806 3383 990 3483 precipue
1009 3385 1232 3483 Friburgum
1252 3414 1323 3461 non
1340 3391 1560 3464 dubitarent.

504 3487 628 3555 Paucis
654 3486 849 3585 interjedlis
878 3483 1055 3556 mensibus
1086 3484 1269 3557 Gulielmus
1290 3483 1320 3557 F
1325 3487 1596 3576 sumbus,
1625 3488 1686 3582 qui
1706 3489 1762 3563 in·

453 3580 498 3654 de
526 3576 545 3651 ὲ
573 3604 645 3673 quo
663 3584 798 3656 Bafilea
814 3583 930 3657 fuerat
947 3580 1101 3676 ejectus,
1129 3583 1424 3680 Manrisbeligardi
1445 3584 1681 3680 Evangelium
1701 3613 1766 3661 an··
1900 3616 1907 3627 ’

453 3676 687 3752 nunciaverat
710 3682 787 3775 (b),
821 3704 929 3781 arque
953 3678 1081 3753 abinde
1107 3685 1399 3780 Argentoratum,
1434 3679 1603 3782 deinceps
1629 3688 1762 3761 Neoca-

1087 3774 1150 3851 Ss
1673 3808 1764 3861 mam
1910 3795 1912 3801 ’

496 3943 544 4024 (a)
572 3935 795 4005 RUCHAT.
819 3941 931 4027 p.389,
950 3960 1021 4027 390.
1047 3941 1089 4050 cf.
1108 3937 1382 4008 SCHEURER.
1405 3943 1435 4009 in
1453 3941 1519 4010 Vit.
1538 3945 1627 4012 Hall.
1645 3971 1675 4034 p.
1685 3906 1764 4031 401.¹

454 4045 549 4192 ⁴0(zll)
574 4062 637 4174 vid.
663 4108 692 4187 b.
712 4104 845 4176 XCIX.
868 4131 897 4193 p.
918 4128 988 4191 270,
1013 4106 1225 4175 drFRlCK.v
1243 4108 1400 4176 Seclrend.
1425 4112 1537 4179 Germ.
1556 4116 1670 4200 p.663‚
1687 4114 1760 4197 664.

455 4191 707 4343 ἱῖῧωςῑιέῗξὲἓῆ.
734 4191 927 4278 Oeoolanrp.
949 4195 993 4261 ad
1005 4194 1170 4263 Farcllurn
1186 4195 1264 4326 inter
1280 4195 1435 4348 &inglu
1451 4200 1480 4265 dr
1497 4199 1616 4268 Oecol.
1633 4197 1692 4283 Ep.
1717 4198 1760 4266 L.
