4442 5150
449 646 526 744 ‘404
647 593 1767 741 Hisnontanvauontua1530.

452 817 481 861 „
499 791 581 841 men
607 768 785 840 credimus
808 761 876 837 esse
901 781 1116 855 peccatum,
1151 759 1176 832 fi
1195 756 1293 833 secus
1310 758 1426 834 didius
1444 758 1590 859 sequens
1609 762 1765 840 faceret:

453 913 482 957 ,‚
500 864 558 938 sed
577 867 659 962 quia
677 864 796 936 omnia
812 856 1210 933 honelid&secundum
1228 859 1389 930 ordinem
1408 857 1590 954 facienda,
1608 862 1652 935 ad
1670 863 1770 937 hunc

454 1011 483 1053 ,‚
502 962 611 1035 finem
638 959 810 1059 praedidla
835 957 998 1029 facimus.
1040 955 1142 1028 Inter
1167 980 1232 1028 nos
1256 979 1364 1028 nemo
1382 956 1486 1030 ducit
1503 981 1677 1031 uxorem:
1714 981 1771 1035 ta.

454 1108 483 1151 „
502 1083 604 1152 men,
631 1080 673 1132 ut
691 1082 813 1132 verum
833 1054 963 1146 fatear,
990 1058 1126 1146 (tecum
1144 1055 1239 1125 enim
1257 1077 1341 1125 cum
1361 1054 1477 1126 multi
1494 1053 1630 1129 fiducia
1648 1059 1773 1135 omnia

454 1204 484 1248 „
502 1158 649 1254 loquor)
674 1180 748 1228 non
772 1155 909 1250 semper
936 1148 1029 1222 caste
1047 1150 1236 1223 nobiscum
1255 1152 1387 1247 agitur.
1431 1152 1669 1229 Alimenta&
1686 1159 1771 1252 qui·

454 1302 484 1345 ,0
501 1255 567 1327 bus
585 1274 749 1353 tegamur
766 1249 959 1324 admodum
977 1245 1215 1341 sufficienter,
1240 1250 1374 1344 gratis,
1388 1248 1556 1345 ,locoque
1572 1252 1772 1350 elcemosy-

456 1400 486 1443 „
505 1375 628 1425 narum
653 1351 756 1423 nobis
774 1347 795 1420 ai
813 1345 1002 1445 plebeculai
1020 1368 1127 1441 quam
1145 1344 1341 1439 docemus,
1363 1343 1665 1423 administrantur.
1699 1350 1773 1425 Di·

454 1496 483 1540 „
502 1449 602 1523 ‘verso
625 1470 793 1520 manuum
812 1442 968 1518 artificio
985 1441 1027 1514 ad
1047 1441 1161 1536 plebis
1178 1440 1410 1539 obsequium,
1437 1445 1474 1517 &
1493 1460 1536 1517 ut
1553 1447 1711 1522 evitetur
1728 1473 1772 1522 o·

454 1595 484 1639 „
503 1551 624 1637 cium,
650 1547 804 1618 utimur:
833 1541 912 1633 sed,
938 1559 980 1612 ut
998 1538 1095 1635 quod
1113 1538 1165 1611 esl
1184 1539 1323 1634 dicam,
1346 1540 1426 1637 plus
1442 1539 1492 1615 sat
1509 1545 1683 1643 occupati
1699 1546 1774 1623 boc

455 1690 484 1737 ‚,
502 1643 678 1735 artificio,
704 1641 895 1738 scripturas
913 1637 1099 1710 nescimus.

505 1794 533 1834 „
552 1738 701 1815 A'ssueto
728 1763 829 1812 more
855 1734 1076 1835 quotidianis
1098 1734 1284 1810 matutinis
1311 1735 1350 1812 δε
1366 1734 1577 1836 vespertinis
1594 1742 1774 1839 tempori·
1855 1732 1861 1754 ’

455 1890 484 1933 ,,
501 1838 589 1932 bus,
627 1841 664 1913 δι
690 1837 835 1910 ante&
861 1831 944 1930 post
971 1830 1182 1928 prandium,
1212 1851 1364 1932 anteque
1384 1837 1420 1909 ὅ(
1440 1836 1522 1932 post
1540 1860 1707 1934 coenam,
1734 1840 1774 1916 ὃ(

455 1937 546 2030 „ad
574 1939 697 2009 horam
724 1931 976 2020 meridianam,
1012 1930 1050 2003 δε
1076 1952 1332 2028 nonnunquam
1359 1930 1466 2006 noste
1491 1932 1578 2008 ciam
1603 1935 1773 2012 dsomno

455 2082 485 2128 „
502 2034 725 2122 excitamur,
760 2030 797 2104 &
825 2026 907 2125 post
929 2023 1060 2098 didiam
1078 2029 1293 2101 concionem
1311 2032 1540 2129 congregati·
1554 2032 1681 2130 plebe,
1734 2059 1774 2109 e·

455 2179 485 2224 „
503 2129 607 2202 nibus
634 2128 737 2201 flexis
764 2149 829 2224 per
852 2143 988 2222 quartae
1015 2127 1117 2197 horae
1143 2125 1301 2223 spacium
1327 2147 1388 2202 aut
1406 2129 1524 2222 circa,
1550 2132 1588 2204 in
1606 2057 1775 2206 humiiia·

455 2228 605 2320 „tione
631 2224 652 2299 a
678 2226 781 2301 nobis
808 2226 985 2298 orationes
1011 2220 1121 2296 fiunt.
1173 2224 1227 2298 At
1252 2219 1338 2298 ciam
1365 2227 1579 2302 manducare
1603 2228 1775 2309 volumus

457 2343 567 2419 „aut
591 2323 740 2419 bibere,
784 2322 921 2419 semper
946 2318 1021 2393 ferd
1049 2320 1182 2394 Oratio
1211 2322 1409 2396 Dominica
1433 2324 1579 2402 dicitur.
1629 2324 1775 2402 Verum

454 2422 647 2521 „quidem
676 2424 855 2497 orationes
880 2418 1088 2516 hujusmodi
1115 2441 1188 2491 non
1213 2417 1364 2494 facimus
1386 2420 1635 2594 supqrstitione
1650 2423 1777 2522 aliqud

455 2571 484 2616 ,‚
503 2542 565 2595 aut
592 2519 664 2594 fide
691 2521 809 2612 inani,
846 2517 917 2593 sive
941 2516 1092 2613 alicujus
1119 2518 1291 2618 temporis
1319 2515 1417 2617 respe
1489 2518 1585 2615 ,sed
1603 2518 1681 2595 solo
1701 2523 1775 2598 Dei

455 2668 486 2713 „
504 2620 642 2692 honore
668 2618 861 2709 &animae
888 2616 1045 2696 utilitate
1071 2617 1177 2687 moti.
1235 2617 1372 2689 Omnia
1389 2618 1507 2692 nostra
1532 2620 1775 2716 temporalia,
1800 2656 1802 2662 ·

455 2766 485 2812 „
504 2740 586 2813 quae
613 2714 692 2791 satis
718 2716 902 2790 affluenter
927 2712 1009 2786 solis
1026 2710 1259 2810 eleemosynis
1278 2714 1485 2811 praedid’cae,
1510 2733 1552 2789 ut
1568 2714 1669 2812 dixi,
1696 2719 1776 2819 ple·

455 2866 486 2913 ,‚
504 2813 667 2907 beculae,
699 2815 743 2887 ad
770 2811 906 2886 vietum
931 2808 1092 2882 nostrum
1113 2807 1196 2884 sunt
1216 2811 1454 2906 abundantia,
1487 2816 1694 2888 communia
1719 2819 1777 2891 io.-

456 2931 654 3009 „ternos
681 2910 860 2984 ministros
887 2907 1069 2981 habemus.
1123 2906 1161 2978 A
1186 2910 1391 2985 viventibus
1418 2911 1600 3009 plebanis,
1634 2914 1674 2989 dt
1700 2912 1775 2988 sre-

457 3058 488 3105 „
507 3028 658 3104 quenter
682 3008 719 3079 in
738 3007 893 3081 articulo
912 3007 1039 3078 mortis
1055 3002 1295 3099 versantibus,
1319 3008 1503 3084 affluentes
1521 3012 1708 3107 pecuniae,
1735 3012 1779 3090 de

457 3156 487 3203 „
505 3104 633 3177 multae
652 3104 732 3176 aliae
749 3128 802 3177 res
820 3102 924 3176 nobis
941 3099 1178 3174 exhibentur:
1206 3105 1304 3201 quod
1320 3109 1484 3205 accipere
1501 3107 1522 3179 a
1537 3108 1778 3186 morientibus

373 3277 375 3282 .
458 3254 488 3301 „
506 3203 598 3278 mihi
613 3226 794 3299 nunquam
813 3199 884 3275 suit
902 3198 1017 3275 cordi.
1043 3199 1087 3272 In
1103 3199 1176 3274 hoc
1194 3220 1312 3277 tamen
1330 3204 1368 3279 dc
1385 3206 1421 3277 in
1440 3205 1566 3281 multis
1582 3206 1658 3280 aliis
1674 3226 1777 3283 tuam

457 3353 486 3399 „
506 3300 619 3402 posco
635 3302 823 3374 rationem.

509 3453 537 3496 „
559 3399 718 3499 Singulis
745 3399 843 3472 annis
860 3395 970 3471 semel·
984 3420 1107 3473 omnes
1126 3397 1276 3473 ministri
1294 3424 1501 3475 acervamur
1517 3405 1554 3477 in
1572 3426 1705 3477 unum:
1731 3420 1777 3479 ut

457 3513 487 3595 '„
506 3497 839 3597 generaliconsrlio
866 3496 1002 3595 agenda
1028 3496 1147 3570 nostra
1173 3498 1457 3589 contrademus,
1493 3501 1531 3576 dt
1558 3501 1711 3575 deloco
1737 3504 1777 3575 in

459 3646 488 3691 ‚,
507 3600 628 3669 locum
648 3598 722 3669 bini
742 3616 1020 3670 commutamur.
1065 3595 1157 3667 Non
1175 3599 1270 3668 enim
1289 3597 1369 3693 plus
1389 3596 1497 3694 quim
1516 3598 1607 3672 duos
1625 3619 1686 3673 aut
1704 3618 1778 3673 tres

459 3740 488 3786 „
505 3715 614 3765 annos
641 3696 677 3765 in
703 3717 777 3766 uno
802 3695 886 3767 loco
910 3712 1196 3766 commoramur:
1225 3693 1290 3766 nisi
1309 3693 1405 3774 sorte
1423 3694 1538 3785 senes,
1565 3697 1695 3794 quibus
1713 3696 1777 3769 da„

459 3838 489 3882 ,‚
507 3805 568 3862 tur
584 3790 774 3886 aliquando
793 3792 828 3864 in
846 3815 921 3864 uno
938 3790 1030 3862 loco
1043 3790 1258 3864 commorari
1275 3790 1318 3863 ad
1336 3794 1460 3865 vitam.
1501 3796 1678 3868 Praeterea
1696 3819 1778 3868 om·

460 3937 489 3983 ,‚
507 3908 591 3978 nes,
626 3910 706 3981 quae
733 3887 836 3963 nobis
862 3885 1090 3983 apsebecula
1116 3886 1195 3961 sunt
1213 3888 1355 3962 donatae
1373 3894 1561 3988 pecuniae,
1587 3893 1797 3974 traduntur,

461 3984 548 4082 „in
576 3982 750 4080 praedidto
777 3984 928 4059 consrlio
981 3986 1109 4059 enerali
1133 3987 1406 4060 incommune:
1441 4013 1522 4085 quae
1549 3991 1635 4064 colli
1665 4009 1780 4065 untur

462 4131 490 4177 ,‚
510 4079 531 4153 a
557 4084 751 4182 majoribus
777 4084 917 4158 nostris.
996 4106 1072 4157 tex
1090 4083 1160 4158 illis
1178 4109 1258 4179 pars
1275 4085 1502 4161 distribuitur
1519 4090 1590 4163 iter
1606 4088 1641 4161 sa
1679 4086 1777 4181 uris,

460 4231 492 4284 „
508 4203 619 4289 prout
634 4180 705 4263 illis
720 4179 952 4262 necessatium
968 4180 1133 4263 videtur:
1162 4184 1199 4261 dt
1217 4208 1298 4285 pata
1313 4208 1571 4286 nonnunquam
1588 4182 1695 4261 didiae
1711 4207 1779 4296 pe.-

579 4331 584 4340 -
1610 4336 1639 4383 „
1655 4304 1785 4360 cuniae
