4442 5150
448 661 521 737 412
638 631 1018 708 HISTORIA
1060 627 1495 703 EVANGELII
1585 627 1756 727 A.·153o.

452 820 479 859 „
499 765 535 835 &
553 785 665 834 unum
685 785 814 856 corpus
832 783 914 831 cum
935 760 1052 852 impiis
1071 755 1166 829 effici
1183 782 1248 843 nos
1264 757 1522 855 protestamur,
1541 756 1757 830 licetamaro

452 915 480 956 „
499 861 629 930 animo.
657 860 828 952 Dumque
846 846 964 927 Amen
980 857 1022 926 ad
1043 879 1169 951 preces
1181 856 1324 926 illorum
1339 855 1610 951 subjungimus,
1628 875 1759 926 mnon

452 1011 479 1053 ‚,
499 955 683 1026 Christum
712 953 904 1049 negamus?
941 953 1041 1046 Quas
1068 974 1141 1021 non
1160 952 1349 1046 oportebat
1369 973 1501 1022 mortes
1520 951 1759 1048 praeligare?

453 1107 481 1150 ‚‚
500 1052 596 1145 quod
623 1074 695 1122 non
717 1050 929 1145 supplicium
950 1045 1070 1143 potius
1088 1046 1203 1120 ferre?
1238 1047 1335 1140 imo,
1362 1051 1521 1141 inquam
1542 1045 1761 1142 profundam

453 1203 481 1247 „
501 1147 626 1219 inferni
646 1146 803 1240 abyffum
819 1170 889 1215 non
900 1148 1049 1216 intrare:
1069 1143 1176 1239 quam
1188 1167 1313 1216 contra
1322 1144 1574 1217 conscientiam
1584 1143 1760 1237 attestari,

454 1299 482 1343 „
500 1246 596 1339 quod
625 1246 727 1336 impii
747 1241 1011 1338 blasphemant?
1046 1239 1298 1329 Infirmitatem
1318 1241 1467 1312 vestram
1486 1240 1579 1313 scio:
1607 1239 1666 1312 led
1684 1239 1763 1314 for·

454 1397 481 1438 ‚,
501 1343 607 1413 tiores
634 1338 701 1413 ess‘e
722 1339 926 1441 rhun
950 1341 1010 1434 qui
1029 1336 1062 1409 se
1081 1337 1218 1420 Christi
1235 1338 1404 1435 sanguine
1423 1338 1601 1410 redemtos
1619 1361 1763 1434 cogno·

453 1492 480 1535 ‚,
500 1460 595 1509 runt.
632 1437 997 1531 Magvmsoemdus
1015 1434 1087 1524 est,
1114 1436 1175 1528 qui
1193 1436 1343 1506 animam
1363 1458 1447 1506 cum
1466 1457 1619 1531 corpore
1639 1435 1676 1506 in
1694 1457 1764 1532 ge·
1785 1452 1792 1463 ·

452 1535 651 1633 „hennam
669 1531 959 1629 mittereputest.
1002 1530 1106 1622 Quid
1124 1533 1173 1602 ita
1190 1531 1319 1603 soliciti
1338 1530 1454 1603 sumus
1473 1556 1541 1627 pro
1561 1531 1678 1603 anima
1693 1555 1764 1604 no·
1848 1559 1856 1567 ·

452 1685 479 1730 „
499 1629 589 1700 stra?
622 1631 736 1701 eritne
761 1629 822 1701 illa
847 1624 1037 1724 pretiolior
1062 1626 1233 1700 Christo?
1259 1630 1434 1700 erimusne
1453 1630 1557 1724 hujus
1576 1629 1663 1700 vitae
1682 1627 1764 1702 illc·

452 1782 481 1826 „
500 1726 614 1798 cebris
633 1727 817 1819 contenti,
844 1728 881 1798 ὃ(
900 1726 942 1796 ad
960 1743 1092 1796 aeterna
1108 1726 1240 1821 gaudia
1257 1748 1330 1796 non
1348 1724 1644 1821 properabimus?
1681 1727 1763 1800 Co·

451 1879 479 1922 „
498 1846 596 1894 ronae
620 1822 800 1918 prostant,
828 1821 865 1894 δι
885 1845 948 1892 nos
965 1820 1009 1892 ab
1027 1822 1097 1893 illis
1117 1822 1257 1892 vultum
1276 1821 1499 1894 evertemus?
1526 1821 1621 1914 Quis
1639 1846 1768 1897 veram

452 1976 480 2017 „
500 1916 607 1991 fidem
627 1919 779 1989 nostram
799 1916 944 2008 credet,
964 1914 989 1987 st
1008 1917 1044 1988 in
1063 1916 1318 2011 persecutionis
1328 1917 1407 1990 adiu
1418 1916 1588 1991 deficiat?
1616 1918 1766 2018 Augeat

452 2015 680 2112 „Dominus
707 2013 815 2086 fidem
842 2010 1013 2103 vestram,
1048 2037 1201 2086 oramus.
1244 2015 1328 2088 Nos
1346 2014 1425 2088 sane
1444 2017 1538 2088 mori
1554 2016 1767 2113 mallemus,

451 2165 481 2210 ‚,
503 2109 608 2206 quam
629 2109 694 2183 hac
715 2111 910 2183 tentatione
930 2110 1041 2181 vinci.
1227 2161 1239 2175 .

498 2208 667 2304 „Igitur
700 2208 884 2281 hortamur
917 2207 1092 2299 Fratres,
1132 2228 1173 2283 ut
1207 2208 1415 2309 diligentiias
1449 2232 1525 2286 rem
1554 2209 1769 2309 exquiratis.

451 2361 479 2403 „
500 2304 645 2378 Etenim
673 2303 698 2377 fi
726 2306 811 2381 licet
828 2303 891 2379 sub
912 2304 1135 2378 Antichristo
1153 2306 1261 2380 fidem
1282 2310 1492 2401 occultare,
1514 2307 1635 2381 licebit
1652 2310 1768 2383 etiam

450 2459 483 2503 „
499 2426 582 2475 cum
609 2404 646 2476 T
650 2427 755 2497 urea,
790 2402 915 2477 licebit
941 2405 1048 2476 etiam
1075 2427 1159 2476 cum
1184 2405 1417 2478 Diocletiano
1434 2407 1478 2478 ad
1496 2429 1569 2478 aras
1584 2404 1687 2498 Jovis
1703 2406 1768 2480 vel

450 2556 479 2600 „
498 2499 648 2574 Veneris
674 2502 837 2574 adorare:
873 2500 911 2574 &
937 2497 1085 2572 fortaffis
1111 2503 1242 2574 minori
1270 2502 1446 2597 periculo.
1488 2498 1667 2576 Licuiss'et
1692 2502 1766 2603 igi·

450 2612 557 2699 „tur
584 2598 621 2669 &
650 2598 806 2692 Tobiae,
832 2597 977 2673 adorate
1004 2599 1159 2671 vitulum
1185 2601 1220 2672 in
1245 2601 1388 2672 Bethel.
1430 2602 1527 2691 Quae
1554 2600 1671 2695 igitur
1688 2599 1767 2700 spes

450 2693 617 2795 „nostra
642 2696 677 2766 in
707 2694 895 2768 Domino?
935 2693 1077 2767 Vereor
1102 2718 1245 2789 autem,
1280 2694 1379 2793 quod
1408 2695 1433 2769 fi
1462 2698 1663 2769 Dominum
1689 2720 1767 2774 nou

450 2809 540 2892 „ut
575 2813 722 2887 oportet
755 2792 1074 2884 honoraverimus,
1117 2795 1228 2866 etiam
1252 2819 1394 2882 omnem
1423 2795 1526 2868 aliam
1553 2795 1666 2868 vitam
1695 2818 1764 2868 no·

450 2946 480 2987 „
501 2886 604 2960 stram
635 2889 866 2963 simulationis
894 2888 1074 2980 fermqru
1095 2890 1261 2990 aspergi,
1305 2892 1523 2988 tepidosque
1543 2890 1766 2965 evomendos

451 3001 595 3082 „totos
624 2986 644 3054 a
675 2986 847 3058 Domino.
896 2981 1361 3085 Quomodrstloriabimur
1387 2990 1423 3059 in
1451 2987 1766 3081 eruce-Domini,

448 3076 524 3180 „fi
559 3078 800 3154 tribulationis
833 3102 931 3154 metu
966 3082 1168 3172 Dominum
1202 3109 1274 3156 non
1308 3083 1625 3183 glorificabimus?
1669 3084 1769 3158 Non

451 3234 480 3279 „
499 3175 603 3267 licet,
641 3175 665 3250 ὃ
694 3178 853 3270 Fratres,
889 3177 935 3251 ab
960 3198 1076 3253 aratro
1103 3180 1298 3277 respicere,
1333 3206 1408 3256 noa
1436 3183 1522 3256 licet
1547 3180 1669 3254 audire
1694 3205 1765 3255 vo·

450 3331 478 3376 „
497 3297 574 3346 cem
605 3273 810 3349 malesuada
838 3279 980 3370 uxoris,
1016 3280 1129 3350 carnis
1157 3281 1323 3377 inquam,
1352 3304 1433 3378 quae
1459 3278 1769 3377 quamvismulta
1868 3358 1870 3362 ,

452 3429 481 3472 ,‚
503 3372 613 3462 ferat,
640 3372 862 3473 naufragium
883 3396 1004 3450 tumen
1018 3376 1061 3449 in
1075 3396 1188 3472 portu
1204 3378 1375 3452 admittit.
1685 3461 1690 3470 ,

499 3521 527 3562 ,,
548 3471 638 3545 Sanc*
666 3474 837 3572 dogmata
859 3473 984 3547 vestrae
1002 3471 1233 3548 fraternitatis
1250 3477 1336 3547 olim
1356 3474 1618 3573 cognovimus,
1644 3495 1689 3548 ex
1709 3474 1765 3564 his

448 3577 478 3665 '„
500 3589 581 3661 quae
607 3592 689 3646 ante
709 3574 842 3647 multos
860 3596 968 3643 annos
987 3573 1164 3645 Vladr'slao
1183 3572 1357 3669 Ungariae
1377 3576 1452 3669 regi
1472 3570 1652 3669 responsa:
1679 3594 1765 3669 quae

449 3716 478 3760 „
499 3662 535 3731 in
554 3664 629 3757 his,
654 3692 735 3765 quae
754 3671 798 3745 ad
817 3668 1003 3744 Christum
1020 3669 1198 3762 attinent,
1223 3667 1329 3767 plane
1348 3671 1550 3762 catholica,
1570 3673 1606 3746 ὃ(
1623 3667 1645 3741 a
1662 3667 1772 3742 nobis-

451 3777 639 3857 „quoque
675 3789 829 3861 recepta.
874 3765 1031 3839 Creditis
1064 3766 1160 3837 enim
1195 3765 1381 3839 nobiscum
1409 3792 1521 3839 unum
1549 3768 1670 3840 Deum
1697 3766 1766 3838 Pa·

453 3908 482 3952 „
506 3869 618 3944 trem,
653 3859 689 3931 &
716 3862 873 3955 Filium,
908 3864 944 3937 &
964 3862 1139 3958 Spiritum
1158 3860 1338 3956 laudium,
1364 3865 1521 3938 Creditis
1539 3865 1671 3937 Filium
1695 3863 1773 3936 Dei

452 4007 481 4049 „
507 3970 588 4020 ante
620 3951 765 4049 secula,
807 3963 843 4033 in
868 3961 1039 4057 temporis
1065 3960 1318 4057 plenitudine,
1361 3962 1501 4059 Spiritu
1527 3959 1646 4034 saneto
1673 3983 1767 4042 con·

451 4103 479 4146 „
497 4068 666 4147 ceptum:
695 4049 724 4125 e
752 4054 873 4130 Maria
898 4059 1039 4156 virgine
1062 4057 1206 4131 fratrem
1225 4058 1386 4132 nostrum
1405 4058 1561 4132 fatuum:
1589 4082 1660 4156 pro.
1675 4080 1768 4153 pec·

451 4200 482 4251 „
499 4150 587 4228 catis
613 4145 744 4232 nostris
768 4174 977 4234 mortuum:
1003 4156 1042 4233 in
1058 4179 1212 4255 corpore
1228 4155 1292 4235 suo
1309 4155 1559 4254 resurrexiffe„
1575 4157 1617 4237 i&
1633 4155 1677 4229 in.
1689 4177 1767 4325 clae-

1666 4302 1698 4351 υ,
1725 4274 1772 4331 0⁸
