4442 5150
452 663 521 742 340
638 628 1022 711 HISTORIA
1066 629 1511 708 EVANGELII
1594 634 1765 735 A·¹527·

450 768 659 862 sufferrent,
694 784 767 840 erat
793 768 919 840 Huldr.
945 760 1295 850 ZWINGLIUS;
1332 765 1375 835 ad
1403 784 1507 861 quem
1526 767 1692 839 Halteras·
1711 769 1763 860 (a)

450 869 545 940 inter
569 869 662 956 asia,
693 867 787 936 hunc
808 865 843 933 in
864 859 1031 931 modurn:
1068 909 1094 948 „
1116 860 1322 933 Decrevisse
1340 864 1586 958 Praepotentes
1606 866 1766 938 Ordines

452 963 707 1059 „,Bernenses,
725 959 920 1045 scribebat,
940 957 1097 1027 unanimi
1114 956 1301 1049 consensu,
1320 964 1460 1031 nemine
1470 962 1766 1056 contradicente,

452 1113 479 1157 ‚,
501 1059 791 1155 Disputationem
812 1053 993 1150 publicam
1005 1093 1022 1143 ,·
1044 1052 1114 1122 hoc
1134 1056 1258 1128 ordine
1278 1054 1487 1127 habendam.
1513 1059 1656 1150 Primi,
1677 1069 1779 1156 qua·'

452 1210 481 1252 „
500 1178 582 1229 tuor
611 1155 810 1250 Episcopos
829 1173 911 1223 curn
931 1149 1134 1245 Theologis
1153 1149 1241 1243 suis,
1269 1151 1330 1224 sub
1351 1177 1459 1247 poena
1476 1153 1664 1227 amissionis
1683 1180 1766 1228 om·

453 1256 597 1350 „nium
626 1252 896 1350 privilegiorum
913 1291 942 1337 ,-
959 1271 1039 1344 quae
1064 1249 1147 1342 jure
1174 1249 1379 1345 Episcopali
1407 1252 1442 1321 in
1469 1253 1606 1323 ditione
1638 1255 1693 1324 1).·
1715 1256 1766 1328 Ι).

454 1405 481 1448 „
502 1352 693 1422 Bernatum
723 1344 1013 1444 praetendebant,
1040 1366 1208 1418 vocatos:
1241 1348 1379 1419 Omnes
1395 1366 1558 1442 praterea
1579 1351 1764 1423 Helvetiae
1793 1355 1798 1367 ’

453 1485 482 1544 ·,,
502 1450 683 1520 Centones
700 1448 736 1518 dt
754 1445 901 1534 Socios,
921 1439 1171 1532 Mulbusrum,
1191 1444 1416 1537 Rotwilam,
1438 1446 1666 1542 Sangallum,
1685 1449 1764 1521 Cu·

454 1599 481 1642 „
500 1548 610 1636 riam,
645 1563 686 1615 ut
714 1546 750 1616 ὃς
778 1541 841 1636 ipsi
871 1563 953 1611 curn
982 1539 1185 1635 Theologis
1208 1538 1275 1613 suis
1294 1565 1546 1636 compareant,
1573 1546 1763 1619 inritatos:

454 1699 482 1739 „
501 1648 626 1738 Cuique
654 1642 746 1738 parti
772 1639 904 1710 salvum
928 1634 1147 1709 conductum
1167 1637 1307 1709 missum
1328 1641 1383 1711 iri.
1425 1641 1606 1713 Parochos
1625 1642 1770 1739 insuper

453 1793 482 1836 „
500 1765 644 1831 omnes,
675 1737 901 1827 Monachos,
927 1734 1122 1825 Praelatos,
1149 1735 1356 1809 Sacerdotes
1375 1740 1486 1810 totius
1505 1737 1685 1813 distridius
1701 1740 1765 1814 sub
1828 1791 1833 1806 t

454 1861 609 1935 „poena
635 1835 863 1933 rejectionis,
898 1833 941 1903 ad
969 1830 1244 1925 disputationem
1271 1841 1431 1907 vocatos.
1482 1838 1596 1910 Solam
1624 1840 1768 1912 Sacram

453 1937 714 2031 „scripturam
742 1933 874 2027 absque
896 1949 1057 2002 veterum
1085 1929 1322 2026 glossematis,
1350 1931 1516 2007 omnibus
1533 1933 1669 2008 reterns
1689 1959 1766 2008 am·

454 2032 674 2129 ‚,‚bagibus,
700 2027 997 2126 exceptionibus,
1025 2029 1216 2119 convitiis,
1241 2029 1465 2104 audiendam.
1490 2033 1639 2106 Monitos
1657 2033 1767 2130 Epis·

454 2183 483 2227 „
501 2153 636 2226 copos,
663 2131 699 2202 &
725 2124 1027 2215 Confoederatos,
1052 2121 1171 2196 aetum
1192 2126 1297 2199 iride
1317 2126 1502 2223 Ecclesia,
1528 2131 1604 2227 ejus
1623 2132 1765 2228 capite,

453 2282 481 2324 „
501 2225 698 2323 potestate,
724 2222 974 2298 traditionibus
993 2223 1178 2315 humanis,
1205 2222 1277 2297 five
1295 2229 1487 2324 praeceptis
1506 2226 1703 2321 Ecclesiae,
1722 2228 1770 2303 de

454 2378 482 2423 „
501 2326 729 2399 Sacramento
748 2322 890 2415 Missae,
917 2320 1158 2417 imaginibus,
1183 2319 1383 2397 sanctorum
1401 2325 1655 2416 invocatione,
1681 2349 1769 2422 pur·

454 2478 482 2521 „
499 2423 663 2521 gatorio,
697 2421 874 2495 coelibatu
899 2417 1123 2492 sacerdotum
1146 2420 1218 2493 &c
1261 2426 1457 2517 Articulos,
1481 2440 1524 2497 ut
1542 2423 1771 2500 commodius

304 2545 317 2562 ’
397 2541 406 2550 ’
453 2520 762 2620 „communicari
788 2519 841 2592 illi
868 2516 1029 2616 possent,
1063 2516 1268 2617 impressum
1296 2519 1354 2592 iri.
1395 2523 1578 2620 Rogarei
1609 2523 1701 2617 itur,
1726 2543 1769 2597 ut

453 2674 481 2717 „
500 2619 705 2715 zwinglius
723 2641 844 2691 curam
863 2618 1008 2689 illorum
1026 2614 1213 2711 suscipiat,
1240 2616 1285 2689 ad
1303 2618 1499 2692 editionem
1518 2545 1662 2696 eosdem
1684 2646 1771 2721 pro·

451 2773 481 2817 „
499 2736 654 2791 moveat.
697 2719 802 2819 „Quod
828 2713 852 2787 sr
872 2714 959 2810 quid
976 2712 1034 2786 vel
1052 2713 1254 2787 addendum
1271 2716 1329 2789 ves
1347 2715 1606 2794 detrahendum
1627 2720 1772 2795 ille-ex·

453 2871 482 2913 „
502 2814 695 2908 istimaret,
722 2815 758 2889 id
777 2812 888 2887 libere
906 2830 1040 2910 ageret.
1075 2812 1215 2886 Omnes
1233 2813 1312 2911 pios
1332 2814 1515 2907 (addebat)
1535 2818 1596 2891 hic
1614 2816 1770 2892 firmissi-

453 2968 482 3010 „
499 2938 558 2987 ma
582 2934 680 2986 tenet
706 2910 803 3011 spes,
837 2909 870 2983 se
896 2934 968 2983 non
996 2908 1233 2983 emansutum.
1277 2911 1413 3005 Nosti,
1448 2935 1619 3010 quantum
1644 2918 1682 2987 in
1705 2917 1771 2987 hac

454 3008 709 3108 „Republica
735 3010 840 3081 fitum
868 3005 923 3082 fit.
966 3006 1004 3080 Si
1032 3008 1183 3105 impares
1210 3004 1359 3081 essemus
1376 3014 1499 3103 oneri,
1525 3030 1660 3107 quanto
1679 3011 1771 3083 illud

453 3162 483 3206 „
503 3132 587 3181 cum
613 3106 747 3204 probro
768 3103 919 3199 nostro,
955 3102 1218 3202 Evangeliique
1242 3103 1372 3177 damno
1398 3108 1632 3204 conjunctum
1661 3105 1770 3183 foret.

456 3237 485 3305 ,3
504 3206 596 3286 Non
622 3206 775 3302 ignoro,
809 3228 917 3300 reque
943 3200 1015 3299 ipsa
1039 3202 1115 3277 sum
1143 3222 1335 3298 expertus,
1368 3201 1458 3277 Tibi
1480 3204 1654 3278 honorem
1674 3206 1771 3299 Dei,

454 3360 483 3404 „
501 3303 617 3380 Verbi
634 3305 733 3401 ejus,
755 3302 901 3375 salutem
920 3300 1095 3398 Reipubl.
1115 3299 1320 3394 Beruensts,
1338 3302 1412 3374 imo
1430 3303 1542 3377 totius
1562 3302 1771 3396 Helvetiae,

454 3458 482 3501 „
499 3404 586 3477 adeo
613 3426 711 3477 cura:
739 3399 913 3498 cordique
937 3397 1027 3491 esse,
1062 3420 1103 3474 ut
1129 3423 1209 3489 non¹
1227 3418 1367 3472 tanturn
1394 3400 1484 3493 nihil
1511 3425 1660 3494 eorum,
1687 3426 1771 3500 quae

454 3558 482 3600 „
501 3500 615 3577 causae
641 3502 726 3575 huic
752 3499 828 3573 usui
855 3497 923 3573 csse
949 3496 1117 3592 possunt,
1153 3496 1195 3569 fis
1220 3497 1432 3592 omiffurus,
1456 3497 1513 3571 sed
1533 3500 1606 3599 ipse
1624 3500 1667 3573 ad
1686 3524 1771 3597 pro·

455 3600 719 3695 „movendum
745 3600 917 3670 honorem
939 3595 1033 3687 Dei,
1060 3597 1097 3669 ὃς
1116 3597 1229 3668 totius
1247 3596 1300 3669 rei
1317 3596 1531 3671 Christianae
1549 3597 1772 3672 emolumen-

423 3704 426 3709 ’
455 3749 484 3792 „
503 3716 605 3785 tum,
640 3698 795 3768 hostium
824 3691 1159 3786 verbscandalum,
1184 3693 1407 3789 praesentiam
1426 3697 1547 3767 Tuam
1572 3720 1645 3767 non
1663 3697 1772 3771 dene·

455 3845 484 3890 ‚,
504 3812 662 3890 gaturus.
705 3795 814 3890 Spem
837 3795 912 3892 jam
939 3790 1057 3867 secisse
1084 3788 1260 3910 aduentits
1286 3792 1481 3875 Consulem
1508 3793 1772 3963 Roistiam.(lb1).

1660 3941 1688 3984 aa
1752 3914 1772 3963 Β

456 4048 547 4197 Pp?
571 4047 1090 4217 vfgf312¹6¹²¹}¹³p¹st·²dzwi¹¹g¹·
1114 4045 1455 4137 apurHOTTtNG.
1471 4047 1517 4115 Η.
1528 4047 1567 4114 Ε.
1586 4046 1659 4115 Sec.
1669 4041 1771 4108 xvr.

488 4176 494 4192 ·
549 4180 555 4194 ·
641 4181 648 4195 ·
731 4155 830 4216 -ar-

379 4323 383 4337 Β
455 4216 567 4389 p(2b9)2
613 4237 692 4285 eeo
717 4217 864 4305 quedam
884 4220 956 4306 jam
975 4218 1108 4289 diximus
1132 4216 1297 4287 inlntrod.
1320 4218 1360 4286 ad
1377 4215 1458 4287 Hist.
1484 4214 1559 4287 Ref.
1584 4209 1773 4298 §tCXlib
