4442 5150
459 639 656 735 Aristo..
789 632 831 709 R
878 633 912 708 E
961 632 1003 708 N
1053 633 1091 708 O
1139 631 1178 710 V
1228 636 1262 708 A
1310 637 1349 708 Τ
1398 640 1431 710 Ι.
1698 660 1767 743 395

508 771 552 844 N
555 793 602 842 on
619 768 736 840 minus
754 784 873 841 tamen
891 764 1039 838 celebris
1056 764 1107 839 est
1125 789 1165 839 ea
1183 788 1263 861 quae
1282 765 1317 839 d.
1332 768 1389 841 vel
1399 791 1438 842 x.
1454 767 1512 843 vel
1527 769 1767 848 x11.Decem·

455 868 533 942 bris
550 869 656 963 hujus
668 865 749 937 anni
760 862 1190 937 FRAUENFELDAE
1201 864 1252 957 (a)
1271 861 1452 939 coadiaest
1464 869 1630 963 Synodus
1641 871 1765 947 itidem

456 966 668 1055 nationalis,
699 962 758 1034 cui
785 981 917 1055 praeter
943 959 1123 1033 ministros
1141 959 1316 1057 Turgoviae
1332 984 1477 1055 ornnes,
1503 966 1542 1038 &
1561 966 1766 1067 Zwingliur

449 1055 1079 1156 &JoZwiclriusConstantienfis‚
1097 1057 1228 1154 aliique
1246 1058 1392 1154 plurimi
1408 1061 1450 1132 ad
1460 1074 1649 1136 numerum
1659 1069 1765 1161 quin·

454 1180 653 1256 gentorum
680 1179 812 1254 magno
831 1153 1072 1234 Ecclefiarurn
1091 1155 1365 1236 Helveticarum
1383 1154 1482 1255 bono
1499 1159 1764 1253 interfuerunrr

458 1259 553 1357 Sunp
575 1258 669 1328 enim
687 1255 724 1325 in
742 1276 782 1325 ea
798 1255 893 1326 varia
911 1249 1084 1323 dodlrinae
1103 1253 1236 1350 pariter
1252 1271 1359 1348 atque
1376 1252 1573 1350 disciplinae
1591 1261 1709 1353 capita
1727 1263 1766 1335 in

396 1431 399 1435 ,
456 1353 620 1426 ordinem
647 1350 785 1424 redadia
810 1371 918 1447 atque
939 1348 1107 1440 definita,
1136 1336 1240 1421 simul
1258 1347 1344 1422 verb
1362 1352 1469 1424 etiam
1488 1376 1572 1425 cum
1594 1354 1764 1454 Anabap-

457 1449 548 1523 iistis
568 1449 786 1546 disputatum
806 1448 879 1539 est,
899 1448 936 1518 ὃ(
955 1447 1042 1517 varii
1062 1445 1236 1519 Ecclefiae
1254 1446 1406 1521 ministri
1424 1471 1573 1547 propter
1588 1450 1764 1528 dourinae

458 1545 638 1620 defectum
660 1546 679 1618 a
699 1544 894 1618 ministerio
914 1541 994 1632 sunt
1011 1545 1162 1615 remoti:

507 1644 647 1716 Eodem
684 1644 754 1715 hoc
789 1665 881 1716 anno
917 1638 1038 1712 soedus
1067 1663 1151 1712 curn
1176 1640 1403 1714 Ferdinando
1428 1644 1535 1742 Rege
1560 1645 1764 1745 pangebant

455 1739 775 1838 Qrinquepagici,
808 1738 971 1811 acerrimi
1000 1736 1189 1834 Evangelii
1213 1738 1328 1812 hostes
1347 1739 1426 1833 (b),
1453 1745 1556 1839 cujus
1573 1746 1622 1817 rei
1642 1746 1763 1844 indig-

453 1840 569 1912 nitate
594 1839 793 1929 commori,
826 1835 999 1932 Tigurini
1030 1834 1067 1907 &
1093 1835 1261 1908 Bernates
1286 1840 1406 1933 copias
1430 1837 1504 1911 suas
1523 1843 1559 1912 in
1576 1841 1655 1916 illos
1673 1841 1763 1916 edu·

458 1954 567 2008 cunt:
605 1936 654 2009 Et
677 1934 851 2032 Tigurini
869 1931 1014 2030 quidem
1032 1929 1132 2004 edito
1150 1930 1284 2028 scripto
1302 1933 1438 2008 causam
1458 1938 1591 2011 curita
1607 1936 1763 2035 saciant,

454 2053 644 2129 exponunt
670 2034 708 2108 ὃ(
727 2033 856 2105 multas
878 2031 1024 2101 illorum
1042 2029 1223 2102 recensent
1240 2032 1406 2126 injur-ias,
1431 2035 1468 2106 in
1487 2033 1616 2131 quibus
1633 2037 1764 2132 etiam,

454 2129 535 2203 haec
562 2150 659 2221 erat,
701 2182 729 2222 ‚‚
748 2129 845 2226 quod
873 2127 1029 2224 ipsorum
1056 2128 1153 2201 cives
1179 2129 1371 2203 nonnullos
1398 2133 1476 2225 (c),
1512 2156 1623 2229 quum
1651 2157 1765 2231 pecu·

454 2277 481 2321 „
500 2228 594 2300 niam
617 2226 681 2299 fibi
698 2226 854 2299 debitam
870 2223 1119 2321 reposcerent,
1138 2224 1328 2299 Switenses
1339 2228 1543 2301 verberibus
1553 2226 1763 2327 affecissent,

456 2325 601 2421 „quod
628 2322 872 2399 Unterwaldii
899 2319 1054 2420 ipsorum
1080 2340 1195 2415 atque
1219 2323 1325 2393 etiam
1344 2325 1471 2396 Bemae
1498 2327 1535 2400 &
1558 2325 1705 2400 Bafileae
1724 2330 1766 2403 dt

454 2470 481 2514 „
502 2422 713 2515 Argentinae
739 2420 896 2492 civitatis
913 2417 1065 2514 insignia
1082 2416 1331 2513 suspendissent
1349 2419 1391 2491 ad
1412 2419 1638 2517 patibulum,
1663 2425 1764 2520 quod

454 2569 482 2610 „
500 2514 622 2589 foedus
647 2516 718 2590 hoc
745 2538 829 2590 cum
857 2515 1083 2589 Ferdinando
1110 2513 1290 2608 seciffent‚
1325 2535 1367 2590 ut
1383 2517 1617 2614 Religionem
1635 2522 1764 2619 oppri-

447 2628 481 2711 ‘‚,
501 2633 659 2708 merent,
691 2616 728 2688 in
754 2638 827 2713 quo
852 2612 996 2712 padium
1023 2611 1091 2685 effe
1117 2613 1266 2706 dicunt,
1295 2630 1339 2686 ur·
1359 2619 1515 2711 quicquid
1530 2617 1673 2713 ipsorum
1688 2625 1765 2717 agri

453 2719 545 2807 „cis
573 2714 754 2807 Rhenum,
795 2718 924 2788 auxilio
948 2712 1153 2786 Ferdirrandi
1176 2728 1369 2807 caperetur,
1401 2714 1440 2785 id
1462 2716 1530 2786 illis
1557 2740 1647 2787 omne
1671 2721 1764 2789 cede·

451 2829 552 2905 „ren
611 2810 696 2901 Qua
722 2810 867 2908 quidem
894 2833 939 2883 ex
965 2833 1002 2882 re
1025 2807 1131 2882 facile
1155 2809 1227 2903 est,
1266 2810 1481 2907 (inquiunt)
1511 2809 1654 2902 videre,
1689 2812 1763 2892 hoc

453 2906 655 3005 „ipsorum
683 2906 751 2982 elle
778 2906 940 2999 confilii,
974 2925 1016 2979 ut
1042 2908 1197 2980 externis
1216 2908 1329 3004 copiis
1348 2909 1484 3007 adjuti,
1508 2930 1572 2980 nos
1588 2904 1611 2982 ὲ
1629 2906 1763 2984 finibus

450 3059 479 3100 ,‚
500 3004 627 3079 nostris
644 3007 803 3101 ejiciant.
825 3007 882 3085 ,ln
900 3002 1089 3103 quolam,
1111 3023 1185 3077 non
1202 3002 1315 3078 modi)
1328 3006 1386 3100 jus
1404 3026 1540 3079 naturae
1557 3007 1615 3080 sed
1635 3010 1672 3086 &
1691 3007 1764 3105 ipsa
1793 3007 1796 3014 “

453 3157 481 3199 ,,
500 3102 603 3198 praa
629 3106 792 3198 violant,
826 3103 972 3199 quando.
996 3102 1166 3176 videlicet
1192 3104 1229 3175 in
1255 3102 1408 3177 nostram
1430 3106 1648 3204 pemiciem‚
1676 3128 1763 3179 cum

451 3204 560 3297 „illo
589 3205 781 3299 conjurant
807 3199 933 3292 holle,
965 3221 1039 3295 quo
1065 3223 1139 3273 non
1165 3200 1275 3275 alium
1304 3202 1410 3275 haber
1435 3200 1553 3276 nostra
1578 3200 1676 3272 natio
1702 3200 1763 3273 vel

452 3351 481 3391 ‚‚
500 3301 740 3397 antiquiorem
767 3298 824 3372 vel
853 3294 1094 3390 infestiorem,
1127 3298 1165 3368 in
1187 3323 1264 3393 quo
1282 3298 1491 3374 debellando
1510 3316 1568 3371 tot
1584 3316 1680 3368 nunc
1697 3317 1761 3369 au·

453 3444 481 3484 ‚‚
500 3396 576 3486 nis,
611 3396 692 3469 inde
720 3397 740 3469 i
762 3394 963 3494 primordio
982 3393 1094 3465 nostri
1112 3391 1281 3486 soederia,
1307 3414 1405 3469 tanta
1422 3391 1649 3469 consensione
1667 3392 1761 3470 riter

447 3490 536 3583 ‚‚·&
555 3491 664 3566 robur
678 3519 787 3574 omne
808 3493 910 3567 srmul
929 3490 1288 3576 communicavimus.
1305 3542 1332 3584 „

1035 3637 1142 3714 Ddd
1167 3662 1189 3715 2
1671 3632 1760 3711 Fuit

494 3825 542 3905 (ἢ)
567 3842 599 3885 V·
621 3822 867 3973 {CULTU
892 3835 962 3901 dee.
981 3834 1024 3900 ll.
1047 3851 1160 3918 p.194.
1198 3835 1231 3899 it.
1255 3824 1503 3897 HOTTlNG.
1526 3825 1627 3894 Helu.
1651 3826 1694 3896 K.
1713 3825 1757 3896 G.

449 3925 881 4092 P·(‘{7)9gi⁴g·⁹s·LEIDAN.
897 4018 957 4083 fol.
971 4035 1041 4081 102.
1057 4019 1088 4082 b.
1119 4016 1206 4086 conf.
1226 4013 1451 4092 RUCHAT2
1469 4019 1531 4082 l.c.
1543 3971 1577 4101 p.
1589 4031 1661 4098 399.
1679 4012 1728 4098 sq.
1751 3967 1753 3972 -

492 4113 544 4192 (c)
571 4111 769 4193 Accedebat,
802 4118 891 4198 quod
915 4117 996 4186 aond
1021 4114 1240 4184 Lucemenses
1262 4117 1552 4185 Muruerrrrvarios
1570 4116 1694 4183 libellos
1711 4114 1758 4178 fa·

448 4194 721 4363 Ξὲΐοὲοἶάνοτῑυε
738 4189 1131 4286 Tigunnosdsscmenses
1146 4200 1278 4289 impune
1293 4201 1447 4275 emifislet.
1470 4202 1517 4271 cf.¹
1531 4187 1755 4306 RUCHAJ‘·
