4442 5150
406 543 522 698 ⁵374
643 583 1511 670 ursaontsuvnuonntt
1592 587 1765 687 ano.

453 775 482 816 ,‚
498 721 562 796 sub
581 722 641 795 dio
658 723 831 820 agebant,
850 714 1011 792 extrudla
1030 738 1118 810 pyra
1135 716 1298 813 ingenti,
1316 739 1449 813 magno
1462 715 1625 790 omnium
1637 740 1760 795 metu:

455 871 483 913 ‚‚
502 820 538 891 in
564 820 694 893 nullius
722 839 839 891 tamen
865 815 957 887 aedes
983 814 1214 906 irruperunt,
1248 836 1363 909 neque
1389 815 1600 910 cujusquam
1627 840 1764 915 corpus

457 967 486 1008 „
503 918 721 1012 attigerunt,
751 913 815 986 nist
833 911 930 1007 quod
949 908 1107 1000 Consul,
1133 910 1221 980 mihi
1240 912 1426 1005 proximus
1445 910 1607 1004 vicinus,
1632 916 1691 986 'vit
1708 915 1764 989 st·

458 1062 485 1104 ,‚
505 1014 663 1105 condus,
697 1012 735 1091 dt
763 1010 806 1083 de
831 1006 1038 1103 Republica
1061 1005 1190 1078 crebro
1209 1006 1376 1097 meritus,
1404 1003 1513 1079 noslu
1532 1005 1662 1105 scapha
1677 1009 1764 1086 sub·

457 1159 485 1200 ‚,
505 1109 609 1182 duxit
633 1106 721 1199 sese,
755 1107 933 1203 periturus
959 1104 995 1174 ni
1017 1102 1052 1172 id
1071 1101 1218 1176 fecisset.
1259 1101 1507 1199 Profugerunt
1523 1105 1561 1179 ὅ(
1578 1106 1639 1178 alii
1657 1133 1764 1183 com·

458 1256 486 1295 ‚‚
506 1206 622 1300 plures
638 1225 769 1295 metu,
804 1204 864 1301 qui
884 1223 1003 1275 tamen
1020 1222 1064 1271 ex
1083 1197 1294 1273 audioritate
1313 1201 1463 1304 Spnatus
1480 1205 1641 1276 revocati
1657 1203 1766 1302 sunt,

457 1301 528 1393 „fi
557 1301 690 1374 vellent
718 1303 794 1372 ‘ure
819 1300 954 1370 civium
982 1297 1124 1369 vivete:
1161 1293 1182 1368 ὲ
1208 1297 1341 1370 Senatu
1368 1293 1456 1369 vero
1483 1295 1639 1373 submoti
1657 1300 1765 1400 sunt,

346 1444 351 1454 ·
458 1418 685 1495 „quotquot
710 1328 868 1468 iaverent
894 1390 1054 1492 pristinael
1078 1393 1267 1489 religioni,
1294 1417 1337 1465 ne
1355 1417 1424 1490 qua
1441 1392 1525 1468 esset
1543 1396 1619 1470 illic
1637 1397 1766 1475 suffra·

457 1499 647 1590 „giorum
674 1492 849 1567 dillenfio.
892 1487 1077 1564 Hastenus
1098 1509 1218 1562 tamen
1240 1491 1390 1562 Senatus
1409 1491 1613 1567 moderatus
1631 1495 1684 1569 est
1702 1518 1765 1573 tu·

458 1641 486 1684 „
504 1594 683 1685 multum,
716 1611 757 1664 ut
776 1614 839 1686 pet
856 1587 974 1661 fabros
993 1588 1029 1662 dt
1048 1587 1202 1660 artifices
1219 1586 1432 1660 tollerentur
1449 1586 1469 1659 ὲ
1488 1591 1655 1686 templis,
1679 1618 1765 1692 quae

458 1690 587 1781 „tolli
614 1687 809 1785 placuisset.
850 1684 980 1758 Tantis
1004 1705 1123 1757 autem
1151 1681 1314 1757 ludibriis
1339 1683 1391 1758 ufi
1419 1682 1499 1758 sunt
1520 1688 1558 1759 in
1578 1686 1767 1767 fimulacta

457 1786 671 1879 „divorum
690 1808 798 1881 atque
813 1783 919 1856 etiam
938 1779 1129 1872 crucifixi,
1147 1802 1190 1854 ut
1207 1782 1336 1854 mitum
1358 1781 1423 1873 srt,
1442 1783 1766 1864 nullumillicedi·

456 1933 484 1974 ‚‚
504 1904 581 1955 tum
608 1884 819 1955 miraculum
847 1881 921 1971 (a),
956 1900 1066 1970 quum
1093 1879 1181 1950 olim
1209 1899 1280 1950 tam
1299 1879 1414 1950 multa
1432 1878 1687 1958 sole'aotedete
1704 1888 1767 1963 vel

457 1980 631 2069 „leviter
656 1976 782 2050 offensi
809 1975 896 2047 divi.
942 1975 1146 2046 Statuatum
1173 1976 1261 2046 nihil
1281 1973 1447 2048 telisium
1464 1976 1599 2054 estnec
1616 1981 1765 2056 intem·

456 2125 484 2166 „
504 2076 572 2170 plis
590 2098 655 2146 nec
674 2077 713 2145 in
729 2071 934 2162 vestibulis,
960 2094 1025 2142 nec
1044 2072 1080 2143 in
1098 2072 1320 2167 porticibus,
1348 2097 1415 2145 nec
1434 2075 1472 2145 in
1483 2075 1765 2177 monasteriis„

504 2224 531 2264 ‚,
551 2170 743 2269 Quidquid
760 2188 836 2242 erat
854 2166 1028 2265 pislatum
1048 2169 1245 2265 imaginum
1264 2168 1383 2243 calcea
1399 2171 1597 2247 inerustuta
1606 2173 1768 2255 oblitum

456 2320 485 2362 „
503 2268 553 2340 est
563 2301 577 2356 3
612 2269 710 2366 quod
729 2287 803 2341 etat
821 2289 934 2363 capax
953 2265 1047 2361 ignis
1064 2266 1100 2336 in
1119 2288 1251 2360 rogum
1270 2265 1477 2363 conjestum
1495 2268 1567 2364 est,
1592 2273 1691 2368 quod
1709 2274 1770 2348 se·.

457 2417 485 2459 ‚,
505 2391 568 2440 cus
594 2363 808 2440 frustulatim
836 2366 1112 2437 comminutum.
1155 2363 1242 2436 Nec
1261 2367 1417 2461 pretium
1435 2391 1503 2442 nec
1520 2393 1573 2442 ats
1591 2362 1764 2467 impetra·

455 2514 482 2555 „
502 2467 578 2556 vit,
611 2484 653 2538 ut
672 2466 837 2560 cuiquam
856 2457 1005 2534 omnino
1024 2481 1241 2556 parceretur.
1284 2463 1382 2535 Mox
1400 2465 1437 2536 in
1454 2485 1575 2540 totum
1593 2465 1680 2541 abto
1729 2489 1766 2544 ta

456 2612 484 2653 „
505 2561 634 2654 Missa,
668 2584 709 2636 ut
734 2586 800 2635 nec
822 2560 989 2658 privatim
1009 2559 1108 2632 domi
1128 2557 1178 2633 sas
1195 2557 1280 2631 esset
1296 2558 1514 2655 sacrificare,
1540 2567 1662 2639 necin
1710 2571 1765 2641 ni·

454 2709 484 2751 „
504 2659 601 2731 timis
628 2662 728 2759 pagis
754 2659 877 2732 audire
901 2659 1049 2730 sacrum.
1091 2657 1172 2730 Ubi
1198 2656 1352 2731 summus
1379 2659 1440 2731 ille
1464 2680 1580 2734 metus
1602 2664 1769 2741 ademtus

455 2808 483 2851 „
502 2756 574 2849 est,
608 2782 650 2829 ac
677 2757 941 2856 propemodum
960 2754 1036 2851 spes
1054 2752 1161 2848 esset,
1187 2752 1286 2848 sore,
1313 2776 1356 2827 ut
1374 2758 1410 2828 in
1428 2756 1559 2832 nullius
1577 2755 1769 2838 facultates

456 2907 484 2949 „
502 2876 563 2928 aut
590 2876 699 2952 caput
724 2853 929 2944 savirum,
962 2852 1005 2923 nd
1032 2852 1124 2924 hanc
1148 2851 1372 2925 clementiam
1399 2853 1611 2950 adlmrtante
1638 2859 1767 2932 Oeco-

455 3003 484 3044 ‚,
505 2953 704 3046 lampadio,
737 2950 900 3047 quotidie
926 2969 1041 3021 tamen
1069 2974 1115 3021 ex
1133 2948 1274 3046 synodis
1294 2949 1437 3022 illorum
1457 2974 1552 3023 nova
1569 2953 1767 3048 prodibant

456 3097 484 3142 ,‚
504 3046 710 3144 plebiscita,
736 3049 836 3144 coepi
853 3048 897 3120 de
914 3047 1103 3143 migrando
1121 3050 1294 3144 cogitate.
1312 3098 1339 3138 ,‚

504 3156 536 3232 §.
555 3143 725 3218 CXXII.
753 3145 835 3215 Hac
851 3146 1083 3217 renovatione
1098 3142 1208 3232 fasta,
1227 3139 1764 3243 BafileatelisiaFriburgamsa)

457 3240 705 3316 concesserunt
732 3244 924 3313 Ludovicus
946 3240 1121 3314 BERUS
1140 3240 1213 3314 uni
1229 3266 1311 3314 cum
1330 3238 1495 3323 universo
1514 3244 1672 3340 collegio
1692 3246 1766 3319 Ca·

455 3345 693 3433 noricorum,
713 3339 965 3437 quamplurimi
986 3363 1130 3437 quoque
1147 3339 1378 3432 alcidemici‚
1395 3357 1502 3435 atque
1513 3340 1595 3413 Viti
1613 3343 1767 3435 literati,

454 3442 566 3514 reteri
586 3437 826 3539 superstitioni
846 3438 1070 3538 inhaerentes.
1647 3437 1770 3525 Porto,

497 3572 547 3651 (a)
573 3570 636 3635 Hic
658 3571 697 3635 ad
720 3568 879 3650 ingenium
897 3566 989 3630 suum
1006 3566 1104 3630 redire
1120 3563 1242 3627 videtur
1259 3559 1515 3643 tunsum,
1538 3564 1594 3648 qui
1611 3563 1642 3629 dt
1658 3566 1688 3630 in
1706 3565 1767 3650 Ep.

456 3648 495 3716 ad
518 3652 778 3718 Maximilianum
797 3650 813 3713 i
831 3649 1020 3733 Burgundia.
1044 3669 1076 3711 n.
1090 3648 1182 3726 1069.
1206 3666 1235 3729 p.
1247 3662 1339 3728 1223.
1369 3646 1474 3745 Quam
1492 3646 1628 3733 legamus
1644 3649 1767 3732 scribit,

455 3733 580 3799 Divum
605 3734 802 3799 Franciscum
827 3735 860 3797 r'rr
879 3734 994 3797 rabiem
1010 3730 1118 3817 egiffl,
1140 3731 1195 3817 qui
1210 3729 1329 3792 ridebat
1345 3752 1480 3818 qumque
1496 3732 1647 3813 vulnera,
1670 3756 1766 3821 quum

455 3815 530 3878 alios
554 3818 640 3879 divos
665 3834 793 3881 narrent
815 3816 973 3880 horrendis
994 3813 1144 3900 exemplis
1167 3811 1246 3889 ustos
1267 3811 1436 3878 multorum
1458 3815 1641 3900 irreligiosas
1658 3838 1765 3898 vaces,

456 3900 506 3962 hic
523 3899 600 4049 rrqihi
609 3901 707 3977 subiit
724 3902 834 3965 mirari
850 3902 1002 3965 neminem
1019 3899 1034 3962 e*
1049 3914 1115 3962 tam
1131 3895 1239 3962 multis
1249 3895 1345 3979 fuiffe
1360 3900 1416 3988 qui
1431 3915 1526 3965 rante
1534 3900 1653 3987 stragis
1663 3901 1768 3965 audo·

458 4008 505 4049 res
522 4007 542 4046 u
556 4000 732 4047 arceretur.
1509 4019 1511 4025 ·
1744 4014 1747 4019 ·

496 4071 547 4150 (b)
573 4065 627 4133 Esl
643 4066 673 4131 id
690 4066 812 4131 celebre
828 4066 858 4131 in
875 4041 1014 4142 Brittoia
1029 4066 1202 4151 oppidum,
1225 4085 1288 4234 qu
1332 4064 1360 4131 F
1362 4066 1534 4132 ordinando
1549 4039 1673 4152 patebat
1684 4065 1773 4152 Regi·

453 4173 488 4217 ae
515 4151 603 4218 Duci
630 4150 816 4232 Auslriaco,
839 4154 922 4218 unde
938 4148 1172 4232 ERASMUS
1189 4149 1222 4215 in
1300 4151 1360 4215 'ad
1378 4150 1667 4218 Pitoklresmttum:
1699 4154 1766 4219 loc.

451 4238 501 4303 tit.
525 4230 661 4315 Turdam
679 4236 832 4305 verrimus
840 4235 962 4318 sdan,
985 4234 1108 4322 scribit,
1131 4256 1171 4299 ex
1187 4232 1693 4323 statuarissasisBrirgd't·sac.x
1720 4283 1731 4318 ,
