4442 5150
460 639 629 739 ΛΑΜ.
790 633 1430 714 RENOVATI.
1571 646 1577 657 '
1694 669 1768 748 217

455 801 485 864 φ,
504 792 612 860 trent,
631 764 994 864 operam-dato&c.„
1023 767 1123 839 Huic
1135 766 1279 839 Foederi
1294 766 1764 870 successrtcongressurCae·
1875 796 1881 811 ’

453 868 536 942 saris
552 870 587 940 &
602 869 706 959 Papae
727 861 981 956 Bononiensis,
1000 866 1061 959 qui
1079 866 1184 936 tertia
1194 865 1416 939 Novembris
1426 873 1605 967 contigit:
1627 873 1671 944 ln
1688 897 1762 968 quo

453 966 554 1060 Papa
562 988 634 1035 non
646 962 803 1035 Concilii
814 960 982 1053 decretis,
999 960 1055 1032 sed
1066 962 1170 1032 armis
1180 962 1437 1035 controversas
1447 968 1763 1043 censuitdirimen·

456 1062 539 1150 das,
557 1081 769 1156 argumento
787 1058 865 1130 usus
876 1060 948 1150 (a),
973 1109 1000 1148 „
1020 1056 1116 1153 quod
1135 1059 1305 1153 dogmata
1319 1063 1467 1156 quaedam
1477 1063 1665 1137 manifesto
1682 1064 1765 1140 salsa

456 1209 485 1252 „
503 1156 634 1251 essent,
653 1176 694 1229 ut
710 1154 1025 1249 Anabaptistica&
1039 1152 1319 1244 Samosatcnica,
1337 1181 1418 1252 quae
1430 1157 1545 1231 statim
1558 1160 1624 1233 sint
1637 1167 1763 1258 oppri·
1840 1187 1842 1194 ·

456 1307 486 1348 „
505 1254 651 1345 menda,
677 1255 826 1349 quaedam
845 1251 1125 1342 inextricabilia,
1152 1272 1193 1324 ut
1211 1253 1255 1322 de
1272 1252 1477 1325 adoratione
1495 1258 1614 1350 panis,
1632 1259 1676 1330 de
1695 1260 1763 1330 ob·

454 1404 485 1448 „
504 1352 658 1440 latione,
692 1353 736 1421 de
764 1348 938 1422 sacrificio
964 1346 1108 1439 Missa,
1141 1352 1291 1445 quedam
1315 1347 1556 1446 dispensabilis
1573 1353 1779 1429 Pontificio*

454 1500 483 1543 „
502 1446 736 1538 audomare,
762 1468 802 1518 ut
821 1446 952 1518 laxatio
970 1465 1163 1534 votorum,
1191 1443 1366 1531 concessio
1385 1450 1571 1546 conjugii,
1597 1451 1765 1526 ciborum
1840 1515 1843 1518 ,

410 1613 412 1617 .
453 1598 482 1641 „
501 1543 785 1642 promiscuorum
800 1569 808 1614 :
822 1595 848 1634 „
873 1545 996 1614 Totus
1012 1543 1106 1614 enim
1123 1542 1185 1614 ille
1196 1541 1413 1640 Congrellus
1429 1547 1471 1616 ad
1484 1547 1764 1626 protestantium

453 1641 671 1735 everfiqnem
698 1637 899 1735 spedlnbat,
932 1659 1039 1734 atque
1066 1639 1102 1711 id
1128 1638 1259 1711 Caesari
1278 1640 1489 1737 injungebat
1511 1643 1589 1738 (b),
1614 1664 1656 1718 ut
1672 1646 1765 1720 Bul·

455 1741 525 1813 lam
546 1739 680 1811 Leonis
698 1739 748 1809 X.
766 1736 800 1808 d.
813 1735 977 1832 25.Junii
1000 1756 1103 1829 1520.
1127 1735 1244 1808 datam
1263 1736 1301 1810 &
1320 1737 1587 1829 Wotmatiense
1603 1741 1763 1818 edissutn

455 1838 492 1910 d.
519 1834 553 1908 8.
573 1836 665 1932 Maji
691 1857 793 1931 1521.
828 1831 1097 1928 promulgatum
1123 1831 1197 1929 ipse
1223 1831 1342 1906 Caesar
1368 1859 1436 1930 pro
1465 1836 1678 1912 audioritate
1703 1840 1764 1915 sua

453 1933 675 2009 exsecutioni
699 1929 903 2016 mandaretr
939 1928 1008 2001 Uti
1034 1952 1107 2001 non
1133 1930 1249 2004 minus
1267 1930 1338 2004 huc
1356 1932 1445 2005 illud
1462 1933 1764 2031 spedlabatJura·

453 2051 645 2123 mentum,
679 2053 752 2127 quo
777 2026 810 2101 se
837 2023 1010 2100 Pontifici
1037 2050 1208 2112 coronam
1230 2029 1404 2125 recipiens
1423 2031 1542 2108 Caesar
1560 2032 1764 2111 obstrinxe-

455 2149 510 2204 rat
530 2128 614 2221 (c),
647 2127 684 2223 se
711 2126 847 2198 scilicet
874 2126 1020 2198 omnibus
1045 2127 1199 2218 viribus,
1233 2131 1358 2222 ingenio
1383 2129 1425 2210 ἐξ
1443 2129 1676 2223 facultatibus.
1686 2133 1763 2227 suis

454 2227 634 2319 Pontificis
668 2226 845 2322 dignitatis
878 2223 920 2305 ὅ
947 2224 1108 2296 Romane
1133 2225 1284 2316 Ecclefiae
1304 2241 1495 2318 perpetuum
1513 2227 1591 2322 forr
1616 2227 1765 2326 defenso·

441 2349 545 2418 rem,
573 2323 646 2400 &o
1865 2390 1867 2392 ,

1079 2414 1142 2488 Ee
1501 2428 1533 2505 s.
1552 2419 1764 2500 LXXXV.

497 2606 547 2685 (a)
574 2598 635 2666 vu.
659 2593 956 2693 mennatem.
980 2593 1132 2692 nectam.
1158 2592 1372 2693 'romum
1390 2595 1441 2676 87-
1466 2568 1761 2692 ascnmrss

457 2688 546 2752 Ann.
572 2689 594 2747 l.
612 2705 640 2746 c.
665 2702 695 2765 p.
712 2679 781 2764 248.
806 2680 896 2745 Lusit
913 2700 942 2743 rn
961 2681 1021 2742 hoc
1040 2678 1204 2742 Pontificrs
1222 2676 1389 2743 confilium
1405 2677 1511 2741 Marc.
1530 2681 1764 2749 PALINGE-

455 2766 578 2866 NlllS
603 2766 665 2830 five
689 2765 723 2858 P.
743 2764 786 2828 A.
804 2758 1125 2829 MANZOLLUS
1151 2762 1184 2826 in
1207 2751 1482 2847 Zodiaco‘Virae‚
1505 2763 1561 2830 sub
1578 2767 1633 2831 fin.
1653 2766 1762 2852 Capti·

455 2871 564 2918 corna:
1614 2880 1617 2885 ·

1090 2945 1181 3013 Ilicet
1195 2948 1261 3013 illic

596 3035 748 3121 Egregius
766 3031 896 3113 Juvenis
913 3030 1068 3099 Remisses
1084 3033 1193 3113 allisit,
1215 3052 1327 3099 omnes

596 3118 769 3185 Advenisse
784 3119 878 3182 illurn
894 3119 1049 3200 gaudent,
1073 3120 1209 3200 laetdque
1224 3116 1373 3201 salutant,

595 3205 706 3287 Atque
724 3215 855 3284 rogant,
879 3201 1031 3282 quidnam
1048 3198 1197 3266 Romana
1210 3218 1351 3286 ageretur
1366 3203 1397 3267 in
1414 3203 1506 3269 urbe!

595 3286 714 3352 Cunsli
731 3284 863 3349 luxuriae
879 3299 974 3366 atque
988 3288 1091 3369 gulo,
1113 3284 1267 3366 furtisque
1283 3286 1430 3369 dolisque

511 3404 514 3409 -
597 3368 749 3434 CertatIm
766 3365 972 3448 incumbunt,
995 3366 1163 3448 nosterque
1180 3367 1221 3432 est
1238 3368 1328 3432 sexus
1345 3384 1496 3452 uterque,

596 3448 786 3536 Respondit:
811 3451 873 3516 Sed
889 3469 974 3514 nunc
990 3449 1134 3514 summus
1150 3464 1232 3534 parat
1247 3470 1334 3515 arma
1349 3450 1501 3516 Sacerdos

597 3530 768 3615 Clemens,
792 3533 973 3600 Martinam
988 3534 1115 3631 cupiens
1129 3535 1255 3597 abolere
1271 3531 1450 3597 Lurherum

599 3614 708 3697 Atque
723 3618 794 3681 ideo
809 3617 961 3702 Hispanas
978 3630 1087 3681 rennet
1101 3617 1260 3698 nutritque
1277 3617 1441 3681 cohortes:

599 3744 620 3777 ,‚
643 3697 725 3762 Non
742 3700 958 3785 disceptando,
980 3715 1035 3764 aut
1049 3698 1209 3765 subtilibus
1225 3700 1415 3782 argumentis

598 3828 619 3858 „
643 3782 799 3863 Vincere,
822 3784 873 3849 sed
890 3785 974 3850 ferto
989 3786 1114 3848 mavult
1129 3782 1184 3847 sua
1196 3783 1268 3863 juta
1283 3783 1372 3847 tueri.

598 3912 619 3944 ,‚
644 3860 830 3932 Concilium
844 3870 962 3948 valeat,
987 3871 1110 3931 ualeant
1126 3881 1309 3931 commenta
1326 3864 1476 3947 Lutheri,
1501 3944 1503 3948 ι

597 3996 619 4030 ,‚
647 3945 816 4016 Pontifices
832 3959 918 4016 nunc
933 3953 1016 4017 bella
1028 3948 1160 4032 juvant,
1183 3949 1255 4015 sunt
1269 3966 1379 4015 cetera
1392 3964 1494 4037 nuga.

494 4120 546 4198 (b)
570 4115 634 4183 uid.
661 4111 793 4182 SARP.
818 4118 841 4180 l.
859 4135 889 4183 c.
912 4138 930 4201 p
974 4166 980 4181 .
1043 4166 1050 4181 .

455 4204 547 4365 segc)
571 4203 635 4269 vid.
660 4135 1098 4273 COELESTtulgrltlror.
1124 4199 1246 4272 Comit.
1271 4202 1447 4294 Augustam
1471 4203 1575 4274 Tom,
1592 4205 1618 4272 1,
1641 4203 1773 4274 f0146,
