4442 5150
455 618 621 711 ΛΑΜ.
785 610 825 684 R
871 608 907 683 E
955 608 997 682 N
1047 608 1084 682 O
1133 605 1171 682 V
1221 598 1341 685 A'T
1392 613 1423 686 1.
1691 640 1756 718 373

454 744 609 843 lingulas
635 741 748 815 tribus
775 741 891 812 denuo
915 740 1078 835 juratur,
1114 740 1151 813 δε
1178 742 1291 813 amice
1314 742 1518 817 disceditur.
1560 743 1756 846 Tigurini,

451 844 644 932 Bernates,
670 838 874 929 Salodurii,
895 860 1005 934 quum
1026 837 1070 908 de
1087 836 1192 908 turba
1208 837 1291 909 essct
1310 840 1352 910 ad
1370 840 1461 936 ipsos
1480 843 1679 938 perlatum,
1699 848 1754 918 ili·

452 965 499 1012 co
518 940 661 1035 legatos
674 938 824 1008 mittunt
844 930 1096 1006 intercessores.
1140 933 1265 1025 Quum
1286 954 1402 1005 autem
1421 937 1457 1007 hi
1476 941 1659 1032 venirent,
1679 944 1756 1038 jam

451 1036 567 1109 sedata
588 1058 642 1106 res
659 1054 745 1107 erat.
765 1034 813 1124 (a)
851 1033 972 1126 Atque
988 1031 1231 1196 haecssquidem
1250 1054 1294 1101 ex
1314 1028 1474 1103 fidissima
1494 1036 1755 1111 SLEIDANI

452 1132 647 1219 relatione,
682 1130 965 1224 quibuscumex
992 1149 1072 1197 amu
1098 1152 1110 1197 1
1139 1127 1385 1219 consentiunt,
1411 1152 1492 1228 quae
1521 1133 1694 1207 Ursiisius
1720 1139 1757 1207 in

454 1230 643 1305 Chronico
663 1224 847 1298 Basileensi
867 1225 921 1319 (b)
941 1224 1138 1295 annotavit.
1579 1300 1583 1307 ¹
1806 1313 1809 1319 Ι

500 1326 635 1420 Neque
661 1321 748 1395 veri)
774 1323 881 1394 etiam
910 1320 1064 1391 multum
1092 1317 1136 1390 ab
1158 1321 1233 1412 his,
1259 1322 1375 1418 quoad
1393 1325 1442 1396 rei
1462 1323 1630 1397 summam
1650 1325 1757 1402 diffe-

453 1442 537 1496 runt
563 1445 645 1519 qua·
674 1417 928 1492 ERASMUS
956 1416 1000 1487 de
1026 1416 1081 1487 his
1102 1417 1216 1488 turbis
1233 1419 1269 1488 in
1288 1419 1358 1515 Ep.
1375 1422 1416 1492 ad
1437 1424 1508 1496 Bil.
1527 1425 1756 1496 Pirckheime·
1872 1459 1876 1469 ·

451 1545 528 1592 rum
544 1520 596 1610 (c)
617 1517 798 1613 prodidit,
817 1516 952 1612 quippe
971 1535 1052 1608 quae
1071 1509 1305 1588 tantominus
1323 1521 1505 1590 contemni
1522 1541 1694 1617 poterunt
1711 1522 1756 1594 ab

452 1616 536 1711 ipsis
555 1639 698 1714 quoque
715 1611 939 1701 Pontificiis,
957 1608 1054 1704 quod
1075 1610 1101 1681 is
1116 1609 1268 1682 alienum
1283 1613 1423 1708 prorsus
1433 1616 1476 1686 ab
1488 1617 1554 1690 hac
1563 1617 1756 1690 Resorma·

454 1715 554 1785 tione
580 1731 719 1808 gereret
745 1710 922 1798 animum,
955 1702 1181 1801 eundemque
1198 1731 1270 1779 non
1290 1707 1360 1783 line
1379 1710 1544 1808 singulari
1564 1715 1756 1789 uerborum

454 1805 651 1880 acrimonil
666 1807 850 1880 testaretur
869 1806 903 1874 in
921 1802 1042 1874 eadem
1063 1803 1128 1874 hac
1149 1802 1329 1898 Epistola:
1359 1808 1392 1878 ls
1410 1805 1495 1880 vero
1513 1811 1582 1883 ita:
1608 1863 1635 1902 „
1657 1814 1758 1884 Dum

454 1956 482 1998 „
500 1906 703 2000 promiscua
729 1903 801 1975 saex
829 1900 941 1999 plebis
967 1917 1099 1971 armata
1121 1923 1161 1970 ac
1180 1899 1356 1998 dispositis
1374 1906 1544 1979 machinis
1562 1907 1758 1981 versaretur

453 2054 482 2095 „
499 2004 536 2075 in
564 2002 666 2095 soro,
701 2026 808 2073 nemo
837 2021 908 2070 noir
936 1993 1086 2069 timebat
1114 1993 1200 2087 fibi,
1236 2000 1294 2069 cui
1320 1999 1418 2073 domi
1445 2001 1529 2076 esset
1551 2006 1647 2100 quod
1666 2007 1759 2079 nolit

451 2150 481 2194 „
499 2103 626 2197 perire.
679 2096 896 2194 Aliquandiu
925 2116 977 2165 res
1004 2090 1193 2165 videbatur
1219 2092 1373 2190 speclare
1399 2098 1440 2169 ad
1469 2125 1576 2174 arma.
1621 2102 1760 2175 Melior

454 2248 481 2291 „
501 2222 580 2292 pars
606 2195 749 2268 favebat
777 2190 1028 2266 Ecclesiastico
1054 2193 1232 2287 negocio,
1268 2192 1323 2265 sed
1343 2218 1493 2268 numero
1511 2199 1648 2270 minor:
1678 2223 1760 2272 narii

452 2292 610 2389 „altera
635 2293 769 2366 multos
795 2288 945 2363 habebat
971 2286 1152 2358 admixtos
1175 2306 1338 2380 exteros,
1373 2292 1507 2364 multos
1531 2293 1762 2388 decodlores‚

454 2441 482 2484 „
503 2392 638 2461 multos
664 2391 780 2482 palam
807 2385 964 2458 infames.
1008 2383 1116 2454 Hanc
1135 2384 1365 2480 Tragacdiam
1386 2387 1454 2459 orfi
1472 2388 1550 2461 sunt
1569 2390 1631 2462 sub
1650 2392 1761 2486 ipsam

379 2495 382 2502 '
457 2538 487 2581 „
506 2485 694 2572 bruniam,
719 2484 838 2553 necui
857 2502 1041 2577 promtum
1060 2477 1144 2550 essct
1162 2481 1217 2551 vel
1237 2478 1384 2578 fugere,
1411 2482 1468 2555 vel
1487 2484 1661 2559 accersere
1678 2486 1761 2585 sup·

459 2632 487 2674 „
505 2581 629 2677 petias.
656 2578 903 2653 Ecclesiastico
922 2602 1021 2676 pars,
1042 2572 1105 2647 ubi
1122 2576 1258 2649 videret
1276 2599 1402 2651 contra
1412 2581 1559 2655 Senatus
1578 2583 1759 2679 eddium,

456 2698 699 2771 „contraque
719 2676 969 2774 jusjurandum
997 2672 1075 2745 fieti
1094 2674 1366 2767 conventicula,
1393 2677 1509 2751 induit
1527 2703 1644 2774 arma,
1671 2706 1760 2755 mox

454 2775 594 2869 „idem
621 2775 709 2847 feeit
736 2775 864 2865 altera,
900 2795 1024 2870 operas
1042 2770 1148 2843 etiam
1167 2771 1318 2845 educens
1336 2775 1371 2844 in
1390 2772 1509 2847 sorum
1528 2779 1758 2850 ac'bombar·

455 2924 482 2967 ,‚
501 2873 573 2946 das.
615 2868 842 2960 Ausloptate
861 2872 1010 2944 Senatus
1027 2865 1161 2939 fastum
1178 2868 1251 2962 est,
1278 2891 1317 2942 ut
1335 2895 1413 2967 pais
1433 2870 1679 2947 Ecclesiastica
1697 2875 1759 2947 de·

452 3022 480 3065 „
500 2989 650 3068 poneret
669 2992 783 3041 arma:
812 2966 908 3063 quod
928 2988 1025 3063 aegre
1042 2963 1317 3059 feeit&ali'era,
1336 2967 1392 3042 sed
1410 2968 1451 3040 ad
1468 2990 1629 3066 tempus:
1658 2972 1759 3045 Nam

453 3119 480 3161 „
500 3092 610 3164 quum
633 3066 816 3140 decretum
837 3064 922 3137 esset
940 3063 1061 3136 saevire
1080 3064 1116 3134 in
1134 3061 1237 3139 divos
1254 3089 1295 3136 ac
1312 3065 1430 3158 divas,
1457 3066 1672 3142 condensans
1692 3069 1760 3143 sese

453 3216 480 3260 „
499 3168 535 3239 in
560 3165 665 3258 foro,
700 3162 876 3282 dispositis
903 3159 1089 3327 tormenqis
1117 3163 1244 3256 aeneis,
1281 3162 1317 3236 &
1344 3164 1481 3261 aliquot
1500 3164 1663 3238 nostibus
1681 3166 1758 3331 illl}

1024 3287 1031 3301 ·
1085 3279 1178 3352 aa3
1649 3284 1730 3352 „u

495 3423 543 3497 (a)
568 3420 635 3486 Erit
660 3423 771 3503 opinor
797 3413 985 3483 Lesloribus
1010 3428 1152 3498 gratum,
1183 3416 1261 3480 hanc
1278 3413 1428 3480 Ecclefiae
1447 3414 1624 3481 Bas-leenfis
1642 3412 1758 3477 Refor-

453 3502 627 3565 mationem
644 3524 680 3568 ex
697 3506 828 3587 ipsomet
846 3493 1245 3564 OECOLAMPADIO
1263 3498 1392 3577 rescire,
1412 3499 1491 3559 Viro
1507 3497 1614 3576 utique
1628 3495 1759 3577 sinuo,

454 3579 483 3646 dc
511 3580 659 3647 Ecclefiae
683 3586 766 3651 illius
786 3585 943 3667 Apostolo
959 3580 1183 3656 celeberrim03
1207 3578 1285 3659 Eius
1303 3581 1406 3660 itaque
1421 3579 1458 3640 ad
1477 3576 1665 3660 Capitonem
1683 3578 1758 3663 Epi-

454 3668 566 3730 slolam
591 3667 622 3727 d.
648 3685 744 3730 iiiiii.
764 3667 924 3733 Februarii·
941 3683 1032 3746 1529.
1062 3664 1167 3727 datam
1191 3664 1268 3726 inter
1290 3665 1483 3725 documenta
1506 3663 1577 3724 huic
1600 3665 1761 3729 volumini

452 3747 592 3828 subjesla
617 3746 687 3810 No.
707 3748 825 3814 XXV.
856 3750 1051 3896 redepimus,
1096 3743 1177 3810 souti
1200 3765 1270 3809 eam
1286 3744 1375 3807 nobis
1390 3744 1421 3806 iii
1440 3743 1587 3809 Annalib.
1611 3743 1695 3810 Dec.
1714 3748 1758 3811 ll.

451 3832 698 3915 suppeditaverat
729 3830 803 3894 Abr.
829 3832 924 3897 SCU
962 3830 1063 3894 TE?
1110 3829 1156 3893 S:
1195 3829 1260 3893 Sed·
1288 3829 1469 3891 &alteram
1493 3821 1766 3895 omousia--

453 3914 598 3980 PADll.
625 3912 852 3976 arimarii
876 3915 915 3979 ad
938 3916 1076 3980 eundem
1100 3912 1149 3976 Ca
1171 3911 1291 3975 itonem
1316 3908 1459 3991 scriptam
1482 3930 1519 3976 ex
1543 3913 1634 3993 ejus,
1670 3914 1765 3997 quod

453 4000 535 4085 apud
561 4016 618 4061 iios
635 3997 676 4060 esl
693 3999 905 4079 autographo,
928 3996 1101 4075 adjecimus
1158 4014 1190 4056 o.
1207 3992 1343 4058 XXVI.
1367 3993 1455 4074 quod
1472 4013 1585 4063 eantur
1602 3999 1705 4064 suiuus
1723 4010 1765 4061 ut=

452 4082 626 4148 abiriteritu
644 4081 674 4143 dt
692 4078 853 4141 oblivione
867 4081 1045 4144 minetur
1060 4075 1134 4139 esset
1150 4076 1253 4161 digna.
1323 4078 1331 4094 ‘
1542 4103 1546 4112 ·

494 4168 544 4245 (b)
572 4160 764 4229 URsris..
778 4160 899 4224 Cliton.
914 4158 1009 4223 Baiis.
1027 4157 1099 4223 Lib.
1111 4159 1189 4234 val.
1207 4178 1275 4244 cap.
1288 4176 1337 4239 19.
1355 4160 1385 4225 dt
1402 4159 1472 4327 sqq.

496 4250 551 4330 (c)
570 4248 637 4316 rid.
654 4242 833 4320 ERASM·
850 4241 945 4329 Epist.
961 4239 1175 4325 Numaioqs.
1190 4261 1260 4330 pag.
1272 4240 1364 4329 uss,
1383 4262 1418 4310 ti
1467 4290 1485 4309 a
