4442 5150
522 665 566 748 3⁰
712 630 1087 710 HISTORIA
1138 632 1583 715 EVANGELII
1659 638 1826 743 A.r52'r.

369 772 373 776 ·
522 793 551 853 ,,
573 752 635 852 qui
662 749 826 826 adversus
842 749 1064 844 dominam,
1095 775 1201 851 quarn
1221 753 1420 851 profiteor,
1453 755 1588 853 aliquid
1605 754 1754 848 habeat,
1785 778 1831 828 ne

524 905 553 950 „
578 847 787 942 distimulet,
816 847 874 921 sed
901 849 1156 948 congrediatur
1182 851 1220 926 &
1239 849 1424 948 scripturae
1443 852 1654 925 testimoniis
1672 876 1829 925 errorem

526 1001 554 1043 „
580 948 726 1021 doceat:
761 945 847 1041 quod
864 947 897 1036 fi
907 944 995 1037 fiat,
1027 942 1108 1018 adei
1134 973 1191 1018 non
1208 949 1286 1041 firm
1300 949 1645 1041 futurusobsiinarus‚
1676 973 1716 1022 ut
1730 956 1831 1022 etiarn

523 1090 552 1140 .,
572 1054 697 1145 primur
722 1050 867 1117 omnium
890 1039 988 1115 libros
1009 1045 1070 1141 ipse
1092 1070 1175 1119 mos
1199 1052 1235 1117 in
1257 1053 1362 1146 agnem
1383 1050 1442 1130 βω
1459 1047 1660 1138 abjedium:
1696 1050 1733 1121 ὅ(
1751 1048 1832 1119 haec

524 1194 555 1237 „
581 1142 726 1242 quidem
754 1160 968 1239 argumento
991 1141 1059 1214 effe
1085 1141 1250 1239 poffunr:
1286 1168 1344 1216 me
1361 1169 1434 1215 non
1450 1164 1603 1237 temere,
1620 1169 1703 1217 nec
1723 1143 1833 1216 animi

525 1290 556 1335 ,‚
581 1239 731 1339 quadam
757 1239 971 1338 impotentia
988 1237 1095 1329 ferri,
1125 1237 1183 1312 sed
1204 1235 1307 1312 reim
1358 1241 1559 1315 nitudinem
1578 1243 1617 1315 &
1633 1238 1733 1314 istam
1752 1262 1835 1340 per·

528 1388 557 1434 ‚‚
580 1336 844 1426 turbationem,
877 1357 960 1432 quae
986 1354 1136 1434 propter
1161 1334 1252 1411 hanc
1278 1334 1301 1407 d
1364 1339 1475 1409 rinam
1503 1338 1644 1432 oritur,
1672 1337 1751 1410 satis
1768 1360 1834 1410 ex·

528 1485 558 1531 „
580 1430 750 1532 pendiffe.
800 1431 869 1506 Me
893 1430 1038 1531 quidem
1063 1431 1260 1530 plurimum
1284 1435 1392 1508 etiam
1419 1432 1592 1528 delcetat,
1626 1435 1712 1508 dum
1727 1433 1836 1509 video

529 1581 559 1628 ‚‚
583 1529 781 1606 dodirinam
813 1552 930 1604 meam
959 1529 1014 1604 his
1045 1524 1304 1605 offenfionibus
1337 1550 1445 1628 atquc
1473 1531 1587 1606 turbis
1610 1529 1836 1607 occafionem
1904 1595 1906 1599 .

530 1680 560 1725 „
586 1628 767 1728 praebere:
802 1649 884 1701 nam
902 1626 1090 1726 proprium
1115 1628 1188 1702 hoc
1213 1625 1281 1702 ess‘e
1301 1625 1393 1702 dicit
1416 1629 1618 1729 evangelii,
1648 1627 1838 1722 Christus,

531 1777 560 1821 ‚‚
584 1747 625 1800 ut
645 1726 850 1822 ubicunque
864 1724 1062 1818 doceatur,
1086 1722 1302 1824 gravissimas
1320 1729 1570 1801 contentionm
1584 1729 1744 1818 excitet,
1769 1726 1837 1798 eti·

533 1874 562 1918 „
586 1847 644 1895 am
663 1822 756 1895 inter
774 1844 857 1914 eos,
881 1821 945 1920 qui
960 1839 1098 1895 naturae
1116 1822 1269 1896 vinculis
1287 1823 1325 1896 ὃ(
1342 1822 1513 1922 sanguine
1530 1820 1840 1921 suntconjunuis·

533 1969 562 2014 ‚,
588 1917 686 1992 fimi:
720 1916 912 2016 diligenter
936 1917 1058 2012 itaque
1083 1917 1122 1991 δε
1149 1918 1308 2017 graviter
1330 1918 1394 1991 diu
1419 1919 1647 2015 multumque
1674 1922 1849 2017 cogitari·-

534 2014 676 2111 „dum
701 2013 754 2086 est
779 2013 908 2106 vobis,
938 2009 1140 2110 amplissirni
1164 2014 1255 2106 viri,
1285 2014 1373 2113 quid
1400 2012 1550 2088 statuere
1577 2036 1764 2112 oporteat,
1799 2015 1840 2090 ὃ(

536 2160 565 2208 „
590 2109 876 2213 providendum,
897 2134 944 2186 ne
962 2107 1128 2184 damnata
1143 2108 1328 2204 doctrina,
1352 2136 1435 2212 quae
1454 2134 1551 2185 nunc
1568 2111 1747 2187 beneficio
1765 2112 1841 2195 Dei

534 2258 565 2306 ,‚
589 2208 694 2284 vobis
710 2204 885 2301 offertur,
918 2209 1155 2282 maximarum
1172 2207 1415 2295 calamitatum
1435 2211 1596 2303 causam,
1632 2209 1842 2285 Germaniae

537 2357 567 2402 „
587 2307 658 2381 tori
684 2304 886 2389 concilietis
901 2301 989 2405 ipfi:
1026 2305 1140 2381 danda
1153 2306 1206 2378 est
1222 2307 1330 2379 etiarn
1348 2329 1479 2407 opera,
1511 2331 1557 2382 ne
1574 2306 1748 2400 Caesaris,
1778 2306 1841 2404 qui

536 2453 568 2499 ,‚
591 2405 650 2478 hic
677 2402 868 2504 praefidet,
899 2400 1153 2497 adolescentia,
1186 2403 1242 2477 Im
1270 2407 1409 2496 crium,
1442 2426 1558 2501 nuper
1580 2402 1782 2502 susceptum
1802 2405 1843 2480 dc

536 2548 567 2596 0,
591 2502 746 2595 initum,
764 2497 828 2576 fiat
841 2497 1122 2599 inauspicatum,
1140 2429 1508 2600 &iniitliqaliquu
1524 2501 1843 2578 minu'slaudato&

536 2648 569 2692 „
593 2602 674 2674 utili
697 2599 741 2676 ad
756 2599 1000 2697 posteritatem
1015 2598 1205 2697 exemplo:
1237 2598 1402 2697 plurimis
1418 2598 1637 2675 enimrsacrae
1656 2600 1844 2699 scripturae

537 2746 568 2795 ‚,
593 2698 682 2772 locis
735 2695 852 2772 robari
872 2695 1014 2797 potest,
1045 2700 1243 2773 maximum
1271 2697 1438 2797 imperiis
1462 2697 1772 2802 periculurptunc
1788 2699 1847 2772 ia-

540 2844 569 2890 „
593 2723 775 2891 cubuiiie,
808 2818 920 2910 quum
948 2795 1112 2871 humanis
1130 2813 1272 2871 tantum
1289 2794 1446 2871 confiliis
1462 2815 1570 2896 atque
1585 2797 1776 2896 prudentia
1791 2794 1847 2870 ci·

540 2942 570 2988 ‚‚
595 2896 658 2968 vili
675 2893 876 2993 respublica
892 2891 964 2967 fuit
978 2893 1238 2967 administrata:
1266 2917 1391 2965 verum
1411 2894 1493 2964 haec
1510 2917 1584 2963 non
1601 2917 1646 2963 ao
1663 2891 1845 2987 spectant,

540 3040 570 3083 „
619 2991 690 3065 uasa
716 2991 844 3081 vobis,
877 2986 1052 3060 clariffimi
1097 2984 1400 3082 rudentiffirnique
1415 2986 1619 3085 principes,
1653 3010 1848 3064 commou-

539 3134 570 3179 ‚‚
593 3017 702 3159 drare
719 3086 828 3157 veiim
852 3100 915 3155 aut
931 3078 1073 3178 praescri
1122 3103 1181 3174 re,
1204 3079 1292 3180 quid
1310 3080 1353 3154 {it
1367 3080 1569 3181 agendum,
1592 3078 1652 3155 sed
1669 3108 1714 3158 eo
1730 3081 1846 3159 solum

542 3233 571 3276 ,‚
597 3184 702 3274 dico,
728 3200 768 3253 ut
786 3178 1016 3268 Germaniae,
1041 3201 1124 3275 quae
1141 3178 1244 3251 nobis
1261 3198 1382 3252 ortum
1400 3177 1501 3251 dedit
1517 3180 1708 3272 omnibus,
1738 3201 1847 3279 atque

542 3332 573 3378 „
595 3281 703 3358 etiarn
722 3278 796 3350 vita
811 3272 930 3350 nostra
944 3274 1085 3348 charior
1098 3272 1168 3349 effe
1183 3273 1312 3369 debet,
1344 3272 1508 3349 officium
1526 3300 1646 3351 meum
1667 3299 1846 3390 perpetuo
1921 3319 1925 3324 ·

542 3434 571 3478 ,‚
597 3376 783 3479 praestem:
812 3372 910 3471 quod
927 3368 1104 3469 superest,
1137 3392 1178 3447 ut
1193 3391 1322 3447 contra
1336 3374 1411 3447 vim
1429 3371 1708 3449 adversariorum
1729 3400 1766 3447 rn
1784 3402 1848 3451 ve-

541 3532 571 3576 „
598 3480 700 3553 stram
726 3474 835 3549 iidem
859 3490 895 3543 at
922 3494 966 3544 ue
990 3471 1141 3543 tutelam
1168 3494 1227 3546 rne
1250 3471 1453 3569 recipiatis,
1481 3471 1589 3544 etiarn
1617 3476 1846 3570 atqueetiam

540 3630 570 3674 ‚,
594 3575 768 3652 obtestor.
778 3624 813 3667 ‚‚,
840 3570 871 3642 F
930 3594 953 3641 o
971 3568 1114 3642 dicendi
1130 3566 1225 3663 fine,
1243 3567 1440 3645 ECCIUS
1452 3565 1623 3667 asperiori
1635 3573 1764 3662 vultu,
1790 3598 1849 3644 non

537 3676 721 3772 respondes,
756 3670 897 3769 inquit,
926 3668 972 3740 ad
987 3692 1074 3751 rem,
1102 3691 1204 3764 neque
1219 3691 1314 3739 tuum
1329 3665 1394 3759 est,
1422 3692 1462 3739 ea
1478 3691 1544 3762 qua
1561 3672 1766 3739 conciliorum
1782 3696 1849 3740 au·

542 3773 697 3847 thoritate
715 3773 790 3859 sunt
807 3772 881 3837 olim
900 3765 1055 3857 definita,
1085 3773 1198 3858 rursus
1212 3771 1246 3835 in
1262 3764 1457 3863 quastionem
1473 3786 1534 3835 aar
1551 3762 1690 3836 dubim
1705 3792 1847 3850 vocam·

537 3875 672 3973 planum
688 3872 728 3946 d·
739 3868 869 3963 ſsmpiex
883 3864 1054 3960 remim
1069 3863 1128 3937 abs
1143 3885 1175 3937 te
1183 3869 1329 3961 peritur,
1344 3888 1388 3936 aar
1406 3882 1466 3934 tua
1479 3861 1600 3961 {cripta
1615 3868 1699 3937 velis
1716 3866 1773 3959 effe
1787 3889 1846 3934 ra-

541 3976 604 4050 ra?
629 3970 728 4041 Tum
756 3965 963 4055 Lutherm,
992 3963 1205 4059 „quoniam
1227 3962 1383 4060 jubetis,
1414 3962 1486 4055 ait,
1521 3966 1676 4035 maxime
1701 3958 1843 4054 Caesar,

542 4121 569 4163 ‚‚
594 4061 880 4160 illustriffimique
907 4062 1109 4157 principes,
1143 4075 1184 4133 ut
1209 4061 1313 4157 plane
1330 4058 1579 4156 respondeam,
1614 4059 1844 4157 obtempera·

540 4219 569 4265 „
592 4164 652 4242 bo.
704 4162 802 4237 Haec
828 4159 941 4259 igitur
966 4161 1044 4234 mea
1066 4156 1118 4232 est
1140 4155 1349 4233 sententia..
1378 4156 1494 4255 Quod
1511 4157 1577 4231 nifi
1591 4155 1777 4255 scriptura:
1793 4155 1845 4245 sa-

1727 4304 1756 4347 rr
1773 4276 1845 4327 ⁰¹*ae
