4442 5150
453 623 624 725 Arses.
789 622 910 699 R'u
958 621 1000 698 N
1050 625 1088 698 Ο
1137 623 1258 700 118
1306 625 1345 700 Τ
1394 627 1426 701 1.
1601 558 1603 560 *
1694 655 1762 735 ¹43

451 753 664 851 cumprimis
682 751 728 826 ab
745 754 880 828 illustri
897 756 1157 830 Secltendorlio
1177 760 1226 853 (a)
1246 758 1446 832 luculenter
1462 757 1676 836 satisfaslum
1693 765 1762 840 effe

451 853 586 929 censeri
613 874 719 948 queat
730 885 743 940 3
779 855 920 927 Interea
943 875 1061 928 tamen
1078 854 1223 928 diffiteri
1242 881 1314 928 non
1333 858 1535 953 possumus,
1561 861 1655 933 Phil.
1674 863 1761 935 Me·

453 951 714 1026 lanchthonum
735 949 791 1045 (b)
818 976 861 1024 ex
889 953 1077 1048 inopinato
1105 955 1176 1025 hoc
1201 954 1354 1026 Lutheri
1374 954 1467 1026 sadlo
1485 959 1681 1030 maximum
1701 983 1761 1032 ce-⁴

452 1048 542 1148 pisse
561 1049 746 1138 dolorem,
772 1073 844 1120 non
864 1052 960 1145 quod
979 1052 1014 1122 id
1031 1050 1236 1143 damnaret,
1261 1049 1317 1123 sed
1336 1056 1434 1149 quod
1454 1054 1676 1127 occasionem
1688 1056 1763 1141 dari
1886 1089 1890 1094 ·

451 1166 614 1221 cerneret
640 1147 793 1219 inimicis
817 1148 1020 1240 malevolis,
1047 1148 1207 1219 acerbius
1225 1147 1413 1229 insedlandi
1433 1152 1469 1224 &
1489 1153 1634 1224 liberius
1653 1156 1762 1226 male·
1889 1178 1891 1182 ·

452 1243 625 1335 dicendi,
669 1268 714 1317 ex
746 1245 918 1340 temporis
944 1245 1139 1340 praesertim
1168 1244 1479 1338 consideratione,
1524 1248 1695 1346 siquidem
1723 1253 1763 1326 dt

453 1341 565 1439 ipsam
592 1342 671 1438 ejus
688 1343 918 1414 timiditatem
938 1341 1038 1414 fuisse
1055 1345 1230 1414 rationem
1248 1342 1483 1437 suspicemur,
1510 1369 1615 1436 quare
1633 1370 1699 1418 nec
1717 1347 1763 1421 ad

450 1439 649 1520 consilium¹
677 1464 743 1513 nec
778 1441 822 1515 ad
848 1439 1004 1512 solennia
1028 1438 1304 1536 desponsationis
1331 1438 1439 1512 fuerit
1467 1442 1647 1514 adbibitus
1674 1445 1762 1515 Me·

438 1536 647 1628 lanchton,
681 1539 785 1634 cujus
813 1538 849 1611 dt
879 1533 1011 1608 offensa
1034 1539 1070 1610 &
1089 1538 1234 1609 censura
1251 1539 1388 1633 aliqua,
1414 1540 1497 1608 dutn
1521 1540 1763 1614 Lutberumd

453 1633 615 1708 liberiori
634 1633 732 1708 vieto
751 1654 873 1727 taxat,
898 1636 936 1707 in
952 1659 1013 1727 ca,
1040 1657 1146 1731 quam
1165 1635 1276 1707 modo
1293 1636 1504 1728 citavimus,
1530 1635 1692 1734 Epistola
1701 1639 1763 1711 de·

454 1731 701 1831 prehenditur.

503 1830 638 1927 Neque
663 1851 782 1902 autem
808 1828 907 1902 silere
926 1829 984 1902 bic
1003 1827 1206 1927 possumus,
1233 1830 1328 1902 circa
1347 1828 1496 1902 eundem
1517 1834 1688 1927 temporis
1707 1859 1762 1907 ar·

370 1968 383 1982 ·
455 1926 608 2001 ticulum
630 1929 755 2001 itidem
780 1950 865 1999 vota
884 1929 1090 2025 conjugalia
1108 1928 1320 1998 meditatum
1337 1926 1404 1999 else
1421 1933 1598 2002 Albertum
1616 1935 1763 2027 Magan-
1890 1980 1893 1984 -

453 2029 581 2118 tinum,
616 2051 722 2124 quam
751 2028 787 2096 in
816 2051 888 2098 rem
915 2027 950 2098 ὅ(
971 2029 1117 2098 Lutheri
1133 2028 1299 2120 confilium
1316 2027 1542 2121 expetitum,
1567 2022 1767 2125 dariamque

452 2119 550 2215 suit,
574 2147 773 2221 quanquam
791 2121 947 2195 successu
967 2124 1018 2216 (c)
1045 2124 1173 2196 deinde
1192 2147 1245 2195 res
1263 2141 1420 2213 careret,
1439 2123 1593 2196 Alberto
1610 2127 1653 2196 ad
1670 2129 1764 2199 anti*

482 2243 568 2290 uum
594 2221 774 2294 redeunte.
818 2220 888 2294 Sed
916 2221 952 2294 ὃς
979 2220 1061 2293 inde
1088 2220 1131 2293 ab
1159 2221 1229 2291 hoc
1257 2243 1349 2291 anno
1377 2219 1547 2292 Pontifex
1573 2221 1768 2298 Romanus
1912 2233 1915 2239 '

454 2243 575 2392 Halteras
593 2318 852 2392 Professoribus
870 2318 1145 2390 Academiarum
1163 2318 1333 2413 conjugia
1352 2315 1544 2411 conceffit,
1568 2317 1654 2393 licet
1671 2321 1763 2394 huc·

454 2435 566 2511 usque
582 2418 619 2490 &
639 2417 705 2512 ipsi
725 2418 767 2489 ad
787 2419 923 2490 clerum
942 2415 1202 2511 pertinuilsent.

501 2526 534 2601 ς.
553 2514 705 2587 LXlll.
731 2516 847 2591 Nunc
865 2517 977 2612 igitur
995 2513 1180 2610 quomodo
1199 2535 1263 2610 per
1278 2512 1389 2586 varias
1403 2511 1608 2588 Germaniae
1626 2515 1684 2589 vel
1701 2538 1767 2589 ur·
1895 2515 1901 2526 ’

453 2609 516 2685 bes
538 2612 596 2684 vel
616 2614 817 2708 provincias
836 2611 1072 2708 Evangelinm
1091 2612 1163 2684 hoc
1181 2636 1273 2682 anno
1293 2608 1493 2706 profestum
1514 2614 1672 2709 ceperit,
1698 2638 1765 2687 ex·

482 2731 590 2780 onere
615 2712 731 2802 juvat.
773 2713 815 2782 ln
843 2712 1102 2783 Marcbionatu
1120 2707 1399 2800 LUSATlAE,
1422 2708 1526 2780 urbes
1545 2709 1637 2782 haud
1657 2712 1764 2803 igno·

453 2731 547 2879 biles
573 2806 755 2879 Gorlitium
781 2809 816 2881 &
843 2813 963 2882 lauba
983 2830 1065 2879 cum
1085 2807 1186 2905 pagis
1202 2804 1352 2898 vicinis,
1379 2804 1569 2877 Misnensrs
1590 2807 1766 2902 Episcopi

452 2901 646 2977 dioecesani
661 2904 924 3000 jurisdidlioni,
945 2903 1248 2979 consentientibus
1266 2903 1424 2997 plebanis
1442 2902 1475 2976 se
1491 2903 1768 2998 subtraxerunt,
1845 2914 1851 2921 “

454 3004 493 3078 &
519 3002 743 3097 Baptismum
767 3003 985 3078 Germanice
1006 3006 1044 3079 δε
1062 3004 1219 3077 Coenam
1240 3003 1382 3075 Sacram
1401 3000 1464 3074 sub
1482 3024 1633 3099 utraque
1649 3002 1766 3074 admi·

452 3097 599 3172 nistrare
615 3124 806 3197 coeperunt
827 3103 904 3194 (d),
929 3100 1039 3174 dueta
1057 3101 1226 3199 Francisci
1242 3101 1479 3194 Ahenobarbi,
1497 3102 1674 3198 (Rotbart
1693 3099 1766 3175 five

451 3197 615 3293 Rupert)
642 3199 871 3273 Gorlitiensrs
891 3202 1046 3272 diaconi.

502 3295 640 3369 Eodem
680 3320 844 3393 tempore
878 3300 1060 3393 Philippus
1093 3298 1310 3373 HANOV
1309 3299 1384 3371 1AE
1411 3296 1576 3387 Comes,
1621 3293 1764 3369 tametsi

455 3390 606 3466 Carolus
628 3394 675 3465 V.
715 3395 921 3489 Imperator
944 3396 1096 3469 eundern
1123 3394 1295 3492 superiori
1323 3397 1359 3466 ὅ(
1389 3396 1459 3465 boc
1478 3417 1570 3463 anno
1588 3389 1609 3462 d
1627 3392 1764 3463 Refor-

451 3491 609 3565 matione
634 3492 843 3566 dehortatus
871 3513 969 3588 erat,
997 3493 1223 3567 Comitatum
1242 3513 1361 3581 tamen
1379 3490 1478 3561 suum
1498 3511 1561 3581 per
1580 3488 1638 3557 M.
1656 3489 1749 3659 Apol

1660 3606 1768 3679 pum

496 3767 546 3847 (ι)
569 3766 907 3836 stctattoons.
935 3769 1006 3837 nn.
1024 3770 1065 3836 tr.
1092 3770 1123 3852 t.
1142 3770 1188 3835 ν.
1212 3766 1271 3831 ror.
1286 3765 1343 3847 1⁶,
1370 3740 1419 3846 η’.
1458 3762 1551 3830 conf.
1569 3762 1651 3831 narr.
1674 3735 1772 3832 Mc-

450 3846 710 3918 LANCHTH.
729 3854 870 3919 Confilia
887 3856 903 3918 d
922 3855 1050 3920 Perelio
1066 3856 1147 3919 edita
1161 3874 1191 3935 p.
1203 3868 1254 3933 37,
1274 3846 1324 3930 38.

490 3936 544 4016 (b)
569 3957 599 3998 v.
619 3937 874 4004 CAMERAR.
892 3942 922 4005 in
940 3942 1003 4003 vita
1020 3937 1220 4003 Melanchrh.
1239 3956 1267 4015 p.
1282 3952 1351 3997 102.

1750 3500 1755 3508 e

493 4024 546 4101 (c)
569 4022 634 4087 vid
653 4021 992 4091 SECKENDOllF.
1011 4023 1073 4089 Lib
1098 4021 1143 4087 11.
1163 4019 1267 4101 §.Vl
1284 4036 1445 4103 p.20,2.1.
1470 4011 1772 4084 &SCULTER
1923 4009 1925 4013 ’

451 4120 635 4266 paidibid.
661 4187 909 4254 SCULTET.
932 4213 963 4276 p.
982 4188 1054 4275 288,
1081 4188 1159 4279 289.
1187 4189 1244 4275 qui
1267 4186 1508 4258 manualibus
1526 4140 1774 4253 uenientibus

451 4268 520 4333 hec
535 4273 632 4357 pauso
650 4273 747 4339 fustus
764 4290 880 4339 narrat.
