4442 5150
418 639 629 738 ·n.1527.
793 631 1429 710 unmovnrr.
1698 636 1769 741 1ss
1873 685 1889 691 -,

451 822 480 864 ,,
499 768 764 865 disputatione,
805 764 861 836 sed
890 758 1028 836 tantum
1049 789 1116 861 pro
1135 763 1320 860 colloquio
1338 764 1515 855 habeatis,
1537 763 1651 862 judex
1668 770 1766 841 enim

451 918 480 959 „
501 868 617 938 nullus
636 861 799 953 adsuit„
825 863 935 932 Tunc
955 862 1152 956 Myconius
1171 885 1314 932 omnem
1334 863 1588 936 contumeliam
1606 863 1670 938 fibi
1687 866 1764 939 illa·

455 983 527 1036 tam
548 961 726 1035 oblivioni
745 956 906 1048 tradens,
925 962 1141 1028 monachum
1159 959 1375 1054 alloquitur,
1403 960 1550 1050 „chare
1567 959 1695 1034 stater!
1723 968 1766 1036 tu

455 1111 483 1153 ‚,
502 1059 613 1132 modo
639 1059 849 1145 verit-atem,
883 1057 920 1126 ὃς
948 1077 1028 1150 quae
1053 1054 1148 1150 justa
1167 1057 1204 1128 ὃ(
1223 1054 1316 1126 resta
1334 1053 1433 1147 sunt,
1461 1055 1596 1152 semper
1613 1058 1763 1152 doceas,
1793 1125 1803 1141 ,

452 1210 481 1251 „
501 1155 666 1232 Christus
685 1174 721 1226 te
738 1153 781 1225 ab
799 1152 897 1227 omni
917 1152 1117 1246 ignominia
1134 1151 1335 1240 custodiet,
1360 1176 1424 1225 nos
1442 1158 1618 1226 neminem
1637 1157 1766 1228 convi-

453 1307 482 1349 „
501 1253 686 1328 ciabimur.
705 1302 732 1342 „
775 1250 832 1321 Ad
860 1271 941 1344 quat
969 1249 1184 1320 monachus:
1215 1248 1324 1321 bene!
1352 1250 1413 1321 ait.
1455 1249 1657 1323 Conversus
1675 1272 1764 1325 tunc

453 1351 498 1424 ad
524 1351 703 1424 auditores
732 1347 950 1443 Myconius,
985 1343 1089 1418 testes
1113 1369 1174 1417 eos
1197 1345 1413 1438 advocavit,
1439 1347 1623 1444 quomodo
1640 1370 1765 1421 mona·

455 1448 545 1522 chus
562 1448 748 1519 veritatem
767 1444 977 1541 agnoverit,
1005 1443 1041 1514 ὅ(
1060 1466 1105 1514 ex
1125 1442 1251 1515 Gall.
1270 1441 1304 1515 8.
1330 1443 1514 1516 anathema
1531 1443 1624 1517 dixit
1642 1447 1766 1540 omni,

454 1547 517 1641 qui
544 1545 646 1617 aliter
669 1543 827 1615 doceret.
870 1539 1077 1611 Monachus
1105 1535 1221 1630 verb,
1256 1562 1340 1612 cum
1359 1541 1396 1615 &
1415 1541 1494 1613 haec
1520 1541 1767 1651 adprobasset,
1805 1618 1807 1620 ,

455 1644 643 1739 porrigens
663 1640 865 1734 Myconio,
891 1636 1051 1729 Principi
1071 1636 1107 1708 ἃ
1128 1636 1285 1710 Auarico
1304 1636 1487 1730 dextram,
1513 1635 1683 1725 dilceffit;
1707 1642 1763 1733 (a)

454 1737 618 1812 Tametsi
644 1739 671 1809 is
699 1736 740 1808 ad
768 1733 923 1807 stercora
948 1731 1062 1826 prisca
1087 1733 1289 1824 redeundo,
1324 1733 1513 1834 deinceps,
1538 1733 1571 1808 se
1588 1734 1764 1814 vidlotem

452 1835 575 1926 fuisse,
601 1833 737 1930 lingere
755 1850 888 1930 praeter
906 1831 954 1902 rei
975 1831 1162 1903 veritatem
1181 1830 1290 1904 fuerit
1307 1832 1420 1907 ausus.

501 1945 533 2022 §.
552 1931 742 2006 LXXVI.
770 1931 814 2003 In
841 1946 1001 2000 extrema
1029 1928 1219 2021 saxonia,
1253 1926 1395 2003 boream
1416 1929 1473 2025 (b)
1500 1928 1644 2026 versus,
1678 1955 1766 2029 pro·

452 2031 591 2124 vincia,
619 2030 705 2102 Albi
726 2029 763 2102 ὃ(
785 2026 934 2122 Eydoro
953 2024 992 2096 fl.
1018 2024 1055 2097 &
1075 2024 1245 2097 Baltbico
1262 2049 1302 2099 ac
1320 2026 1531 2100 Britannico
1548 2032 1634 2102 mari
1655 2030 1767 2105 inter·

454 2150 580 2226 cepta,
612 2126 823 2222 Christianus
845 2121 1142 2195 HOLSATlAE
1159 2123 1256 2215 dux,
1282 2125 1343 2220 qui
1360 2126 1466 2198 Patre
1483 2126 1669 2200 Friderico
1688 2129 1768 2211 Da·

452 2228 548 2299 niam
565 2225 807 2322 gubernante,
834 2221 1020 2294 Ducatum
1040 2223 1194 2316 patrium
1214 2221 1502 2316 administrabat,
1520 2226 1671 2319 primam
1692 2227 1768 2299 Ec·

458 2322 640 2396 clefiarum
664 2318 917 2417 inspectionem
937 2319 975 2395 δι
995 2316 1166 2392 abuluum
1185 2317 1462 2394 Pontificiorum
1483 2320 1768 2396 emendationem

454 2421 635 2518 publicam
664 2419 828 2516 suscipit:
867 2415 1116 2490 commendata
1139 2441 1256 2490 tetum
1277 2416 1605 2505 Ecclesiasticarum
1626 2418 1663 2494 &
1682 2419 1768 2493 vili·

453 2522 717 2593 tationis'cura
738 2516 922 2613 praecipua
947 2517 1120 2591 Eberardo
1140 2515 1328 2611 Wdensejo
1347 2514 1567 2613 Theologiae
1587 2513 1769 2611 Doblori,

450 2641 560 2711 quem
591 2612 844 2711 Magdeburgo
865 2614 1031 2711 princeps
1050 2614 1240 2686 evocitat:
1270 2616 1306 2685 ὅ(
1325 2618 1524 2686 Hermanno
1543 2611 1673 2706 Tastio,
1702 2617 1768 2688 Pa·

455 2713 542 2785 stoti
570 2710 860 2808 Flensbutgenfi,
896 2708 1024 2807 quibus
1050 2732 1096 2781 ex
1123 2707 1332 2781 Nobilitate
1352 2711 1501 2801 Joannes
1525 2713 1766 2811 Rantzrvius,

454 2808 545 2882 aulae
565 2805 751 2907 magister,
776 2810 925 2901 Joannes
943 2810 1153 2900 Reventlou,
1180 2806 1217 2879 δι
1236 2806 1294 2878 alii
1314 2804 1613 2903 adjungebantur.

453 2920 456 2926 '
503 2906 641 2981 Eodem
671 2920 832 3003 tempore
854 2907 889 2977 in
909 2904 1109 2979 SCANlA
1129 2903 1259 2995 etiam,
1280 2906 1442 2978 Ancona:
1463 2904 1501 2979 ὅ(
1519 2900 1661 3000 sparfim
1682 2902 1768 2978 alibi

452 3008 490 3079 in
516 3030 629 3105 regno
658 3005 809 3097 Daniae,
836 3027 936 3101 purte
956 3001 1149 3099 Evangelii
1166 3000 1340 3076 doetrinae
1357 3000 1487 3076 semina
1503 3000 1621 3102 spargi
1640 3007 1767 3103 coepef

455 3127 551 3179 runt.

454 3305 568 3396 prima
586 3302 656 3377 hoc
674 3324 769 3374 anno
787 3321 851 3395 per
869 3297 1232 3469 PhilippumAl-lallrae
1250 3300 1517 3397 Landgravium
1533 3298 1640 3397 jada.
1669 3302 1768 3409 Cum

1126 3421 1145 3468 a
1671 3417 1769 3467 emm

497 3606 546 3684 (a)
573 3603 787 3672 Adservantur
802 3607 895 3688 hujus
914 3604 1138 3690 Disputationis
1158 3605 1241 3673 Asia
1257 3607 1287 3671 iu
1301 3605 1494 3671 Bibliotheca
1511 3602 1678 3684 Gotbana,
1700 3604 1767 3670 vid.

457 3686 687 3752 CYPRIAN.
709 3690 811 3756 Catal.
831 3690 937 3756 MSS.
956 3691 1035 3756 Bibl.
1056 3693 1211 3756 Gothanae
1228 3712 1256 3773 p.
1271 3708 1340 3771 113.
1366 3687 1428 3753 Uti
1445 3687 1505 3771 ipsa
1521 3689 1587 3751 haec
1605 3688 1767 3773 disputatio

453 3774 547 3919 prelo
564 3770 720 3855 subjeda,
743 3775 839 3857 paulo
856 3776 922 3859 post
941 3774 971 3839 in
988 3777 1152 3859 publicum
1170 3774 1300 3858 prodiit,
1318 3789 1412 3855 atquc
1427 3776 1523 3836 altera
1538 3772 1660 3840 viceA.
1673 3772 1766 3854 1585.

477 3904 484 3916 .
508 3856 551 3919 est
569 3855 667 3935 edita,
684 3856 747 3919 unl
764 3878 839 3923 cum
856 3860 980 3923 duobus
999 3858 1148 3939 Myconii
1164 3856 1360 3935 tradatibus,
1379 3857 1417 3918 de
1433 3857 1650 3922 consolatione
1667 3878 1766 3941 oegro-

455 3954 581 4017 rorum,
618 3938 667 4019 ἀ,
699 3940 738 4002 dc
761 3941 892 4007 ubsellrs.
936 3943 997 4006 vid.
1023 3938 1261 4007 SECKEND.
1286 3938 1329 4004 Su
1355 3942 1494 4022 plement
1515 3942 1554 4007 ad
1578 3941 1722 4009 Iudicem
1738 3943 1765 4008 1.

453 4024 653 4089 Hilloricum
670 4043 702 4086 n.
714 4021 791 4087 LV.
815 4024 1052 4105 &Seckendorjt
1071 4026 1223 4090 German.
1242 3962 1394 4108 pagszz.

496 4128 546 4206 (b)
573 4120 860 4191 cnrrnruus
886 4128 916 4192 tn
942 4126 1060 4192 saron.
1086 4123 1432 4209 nn.x11.f01.303.
1464 4128 1495 4192 a
1521 4079 1766 4191 scunrsr.

455 4206 572 4273 Annas.
598 4210 667 4275 dec.
680 4209 723 4275 ll.
742 4226 833 4293 p.91.
858 4211 946 4275 conf.
966 4210 1129 4275 Christiani
1147 4210 1309 4275 Kottholti
1324 4210 1460 4290 Junioris
1478 4210 1592 4276 Oratio
1609 4211 1647 4276 de
1659 4229 1768 4276 emen·

455 4290 531 4357 datis
549 4291 650 4363 Sacris
667 4294 699 4362 in
716 4292 876 4381 Cimbria,
900 4314 972 4381 qun
988 4294 1171 4380 cumprimis
1188 4293 1304 4381 speetu
1320 4297 1359 4365 ad
1375 4295 1463 4364 Aun.
1477 4310 1568 4378 1527·

501 3204 593 3276 Sunt
619 3199 705 3276 verb
731 3165 839 3274 etiam
860 3197 1295 3274 MthBURGENSIS
1316 3197 1521 3274 Academiae
1539 3198 1769 3277 fundamenta
1895 3190 1906 3207 ⁸
