4442 5150
495 649 662 755 Λιςᾏο.ι
827 643 865 716 R
915 641 948 716 E
998 642 1039 716 N
1089 643 1127 717 Ο
1177 644 1215 718 V
1263 648 1298 723 Α
1345 649 1384 724 Τ
1432 652 1464 726 Ι.
1733 674 1803 756 397
1913 698 1915 705 ·

494 799 643 852 eventus
670 773 806 847 docuit.
850 771 962 846 Certe
987 771 1282 872 Qrinquepagici
1310 801 1392 849 cum
1418 804 1514 852 arma
1533 801 1727 875 ponerent,
1754 783 1797 858 fi·

493 877 571 958 mul
596 869 785 947 artriffimo
810 867 947 942 foedere
974 870 1021 961 (a)
1057 870 1093 941 in
1115 873 1305 944 tuitionem
1323 898 1364 945 ac
1383 875 1621 950 defensionem
1641 881 1802 975 pristina·

493 971 679 1068 religionis
707 970 892 1058 coierunt,
926 985 1032 1060 atque
1053 968 1287 1063 jurejurando
1305 969 1413 1042 semet
1431 972 1586 1043 invicem
1604 979 1800 1074 adegerunt

493 1069 531 1141 in
557 1064 750 1140 vindidtam
776 1065 820 1137 de
845 1065 888 1135 iis
905 1061 1130 1155 sumendam,
1156 1067 1218 1160 qui
1236 1091 1341 1137 novae
1359 1067 1524 1164 religioni
1543 1067 1723 1145 studerent
1740 1076 1800 1150 vel

492 1166 528 1239 ei
544 1163 802 1262 promovendre
821 1183 964 1255 operam
983 1180 1162 1232 narrent.
1187 1161 1315 1257 Quid?
1341 1165 1438 1258 quod
1457 1164 1572 1237 menie
1589 1166 1631 1238 N
1634 1169 1798 1245 ovembri

488 1264 563 1358 jam
582 1258 801 1335 clandestino
820 1280 963 1352 quoque
981 1254 1132 1330 confilio
1143 1259 1298 1330 Ordines
1312 1260 1702 1336 PontificiiPraetorem
1714 1268 1797 1340 Tu-

447 1354 923 1529 ,ffa‘iiirlfilff‘ffltff
937 1353 1670 1528 illisi·slililiitmtllll
1701 1383 1798 1533 tlt

492 1569 609 1626 rentes
628 1551 758 1623 auxilia
778 1549 831 1639 (b)
844 1475 869 1633 g
883 1547 967 1618 dum
987 1547 1122 1617 interea
1139 1477 1378 1621 Eccleliapstici
1397 1552 1518 1624 multis
1533 1479 1657 1627 bodri.
1670 1554 1794 1628 adver·

397 1722 413 1739 ,
492 1647 547 1722 sus
574 1645 666 1744 ipsos
694 1668 836 1743 quoque
863 1645 1069 1736 Principes,
1101 1644 1158 1715 uti
1182 1643 1264 1738 ipfis
1283 1646 1491 1740 videbatur,
1516 1650 1795 1746 negligentiores

490 1743 632 1841 plebem
659 1745 903 1830 concitarent,
938 1764 979 1810 ac
1007 1740 1146 1830 ineos,
1172 1741 1268 1836 quod
1286 1766 1356 1815 non
1375 1767 1436 1836 ea,
1463 1768 1532 1840 qua
1549 1745 1631 1842 ipsis
1650 1771 1794 1846 aequum

491 1838 699 1932 videbatur,
734 1840 918 1936 vigilantia
935 1836 1050 1908 dicam
1070 1858 1114 1905 an
1130 1836 1300 1909 violentia
1319 1863 1390 1911 rem
1411 1843 1707 1937 aggrederentur,
1733 1868 1796 1921 aut

487 1936 723 2011 Reformatos
756 1959 879 2008 omnes
914 1933 1149 2004 internecioni
1183 1933 1414 2026 addicerent,
1458 1937 1791 2037 debacchabantur,

488 2035 578 2117 illud
605 2035 748 2109 solenne
771 2032 1055 2130 ingeminantess
1085 2030 1213 2125 Pabst,
1247 2032 1368 2129 Keyser
1386 2034 1438 2126 (c)
1464 2037 1533 2108 und
1547 2037 1723 2136 Ki'rrigsey
1739 2047 1794 2116 ein

486 2135 552 2205 bub
570 2140 635 2206 wie
653 2137 711 2207 der
726 2134 857 2204 andere.

535 2241 567 2315 §.
587 2228 796 2303 CXXVII.
823 2221 1032 2315 Caetetirm,
1051 2224 1148 2320 quod
1163 2225 1367 2323 Zwinglius
1384 2228 1704 2306 hocannooausam
1716 2233 1793 2307 Eu·

488 2324 711 2400 charisticam
730 2327 767 2397 in
786 2324 985 2417 Colloquio
1005 2322 1256 2418 Marburgenfi
1274 2323 1485 2398 audloritate
1494 2329 1651 2425 Philippi
1664 2331 1793 2403 Hasso-

487 2445 570 2495 rum
596 2423 772 2516 Principis
792 2421 955 2490 instituto
972 2419 1226 2511 vindicaverit,
1254 2421 1421 2516 quodque
1441 2441 1523 2495 tum
1538 2425 1631 2497 inter
1649 2425 1792 2501 Luthe·

487 2543 568 2593 rum
585 2516 854 2614 &Zwinglium
865 2569 877 2609 ,
896 2516 1081 2610 primarios
1100 2517 1136 2587 in
1156 2515 1221 2588 hac
1240 2516 1625 2616 causacontendentes,
1644 2520 1792 2599 consen·

487 2614 659 2689 tientibus
687 2615 851 2712 reliquis,
878 2614 1039 2710 quaedam
1059 2611 1166 2686 fuerit
1183 2614 1312 2687 sancita
1330 2616 1535 2688 Concordia
1555 2618 1633 2711 (d),
1661 2644 1734 2693 non
1751 2647 1792 2698 ea

489 2731 608 2788 tamen
636 2712 798 2787 constans
818 2715 876 2785 a'ut
897 2712 1085 2801 diuturna,
1111 2710 1145 2783 id
1164 2713 1207 2783 ad
1226 2710 1423 2785 Historiam
1442 2711 1575 2809 spedltat
1592 2717 1663 2789 litis
1680 2717 1791 2792 saera·
1928 2708 1935 2725 '

484 2812 669 2884 memoriae
699 2810 865 2905 fingulari
894 2832 1002 2902 opera
1028 2806 1280 2881 illustrandam.
1322 2811 1457 2883 Redurr
1478 2808 1573 2885 verb
1587 2813 1790 2912 Marburgo

484 2905 811 2982 ZWINGLlUS
832 2909 877 2977 A.
894 2911 995 3001 ltro.
1021 2927 1157 2978 novum
1175 2906 1288 2979 edidit
1304 2908 1356 2993 ad·
1368 2905 1638 2983 lllustriffimum
1658 2910 1789 2983 Catto-

484 3030 564 3078 rum
588 3006 792 3101 Principem
813 3002 1020 3099 Philippum
1041 3002 1224 3096 libellum,
1250 3003 1313 3078 sub
1332 3006 1442 3079 titulo
1461 3009 1510 3099 (e)
1536 3015 1791 3097 Artamnemarir

485 3106 524 3176 de
551 3104 777 3178 Providentia
803 3104 875 3175 Dei
893 3102 964 3173 dte.
1007 3100 1066 3172 De
1084 3125 1156 3198 quo
1175 3124 1216 3174 ut
1233 3104 1354 3198 paucis
1371 3126 1514 3200 agamus
1532 3130 1653 3273 operae
1671 3106 1789 3181 cense-

485 3223 564 3274 mus
591 3204 772 3298 pretium,
807 3198 967 3294 inprimis
991 3220 1075 3268 cum
1095 3198 1417 3296 durioraquaedam
1436 3203 1512 3296 ejus
1530 3202 1553 3272 li
1583 3204 1641 3275 elli
1659 3200 1788 3292 effata,

485 3317 637 3393 quaeque
655 3300 720 3372 alia
738 3298 877 3369 meliori
896 3295 1032 3366 ratione
1050 3294 1207 3463 effigm
1221 3320 1293 3370 non
1305 3296 1468 3393 potsunt,
1488 3299 1789 3464 quamquaetlipm

1201 3412 1221 3486 i
1748 3418 1789 3466 u·

543 3571 575 3649 a)
599 3569 843 3640 HOTTING.
869 3573 968 3638 Helv.
993 3570 1035 3634 K.
1056 3568 1100 3634 G.
1124 3590 1154 3653 p.
1171 3582 1244 3651 472.
1269 3588 1306 3634 ex
1323 3567 1463 3653 Bulling.
1483 3565 1556 3632 Res.
1574 3566 1679 3634 MSS.

545 3672 578 3750 b)
604 3668 827 3738 RUCHAT.
851 3693 888 3738 er
907 3668 1010 3737 MSS.
1035 3674 1057 3733 l.
1075 3691 1104 3734 c.
1129 3693 1158 3755 p.
1176 3688 1249 3754 429:

543 3774 576 3850 c)
603 3767 825 3834 RUCHAT.
850 3775 872 3833 l.
890 3794 918 3836 c.

566 3874 579 3951 )

526 3575 540 3652 l

526 3676 540 3751 (

525 3776 561 3953 {d
605 3868 704 3934 Conf.
732 3887 796 3949 que
819 3868 856 3931 in
873 3870 933 3935 hoc
951 3870 1058 3955 Opere
1074 3870 1104 3950 §-
1122 3868 1329 3937 Lxxxlv.
1353 3891 1383 3953 p.
1400 3859 1472 3951 213¹.
1489 3828 1553 3954 sdq²
1580 3868 1648 3951 jam
1665 3873 1791 3940 tradidi.

484 3976 576 4137 Ἣ.)
601 4050 732 4117 Titulus
750 4051 803 4114 ille
820 4054 931 4131 procul
948 4052 1043 4117 dubio
1059 4052 1179 4121 alludit
1187 4055 1225 4117 ad
1243 4052 1445 4118 Concionem
1462 4054 1501 4119 de
1517 4054 1715 4121 Providentia
1724 4056 1791 4121 Dei

485 4136 670 4218 Marbrrrgi,
693 4133 840 4219 prasente
856 4132 1016 4218 Principe,
1039 4134 1193 4213 habitam;
1224 4136 1314 4202 Cum
1330 4139 1413 4202 enim
1430 4139 1572 4226 deinceps
1588 4160 1657 4206 erm
1673 4140 1796 4223 scripto„

487 4220 539 4282 srbi
561 4223 636 4286 tradi
660 4217 795 4306 petiiffet*
811 4215 977 4299 Princeps,
1009 4217 1191 4299 Zwingiins
1207 4221 1276 4302 ejus
1292 4223 1481 4289 memoriam
1495 4224 1558 4289 hoc
1575 4226 1684 4291 libello
1699 4224 1796 4292 restir-

487 4318 554 4385 eat,
576 4320 670 4387 atque
686 4305 845 4389 aliquanto
862 4299 955 4369 etiam
972 4301 1094 4370 uberius
1111 4303 1193 4371 illud
1203 4321 1431 4393 argumentum
1445 4308 1588 4393 exponit.
1773 4306 1775 4311 '
