4442 5150
458 609 1432 717 a.1530..nuNovArr.
1551 590 1773 722 ‘5407

503 799 532 841 „
550 741 749 836 Praeterei,
769 742 969 839 plebeculae
979 740 1110 814 nostrae
1120 765 1163 813 ne
1173 739 1322 816 omninb
1328 747 1443 840 juret,
1454 765 1634 824 vetamus:
1654 771 1770 848 neque

454 845 578 942 „ullo
606 842 716 916 modo
743 843 852 913 ducat
877 843 1045 913 choreas:
1081 863 1259 936 omneque
1276 864 1388 935 genus
1406 842 1504 938 ludi,
1530 869 1768 944 praeterquam

454 995 482 1037 „
500 965 603 1015 arcus
629 960 689 1012 aut
708 939 859 1034 alicujus
876 958 1086 1012 armaturae:
1114 959 1230 1031 neque
1248 939 1329 1012 ullis
1346 940 1532 1015 cantilenis
1548 944 1710 1019 inanibus
1729 945 1769 1020 &

454 1039 639 1135 „lascivis
663 1035 878 1109 delebetur:
913 1059 1029 1129 neque
1046 1033 1124 1109 ullo
1143 1033 1293 1127 vestitu,
1320 1037 1443 1109 colore
1459 1037 1620 1134 diverso,
1644 1041 1767 1139 super·

454 1188 483 1233 „
501 1135 602 1229 fluo,
627 1133 827 1225 scutulato,
853 1152 914 1206 aut
932 1133 1108 1224 delicato,
1136 1130 1383 1208 fine-consciso
1400 1153 1532 1213 utatur.

463 1269 469 1308 ·.
501 1285 529 1327 ,‚
548 1232 740 1306 Plebecula
766 1230 884 1304 nostra
901 1229 1049 1304 inbono
1067 1249 1166 1323 parte
1186 1227 1359 1327 fimplex,
1384 1230 1534 1324 rustica,
1560 1233 1598 1307 &
1617 1233 1654 1307 in
1672 1238 1767 1334 agri·

452 1382 480 1428 „
499 1331 642 1404 cultura
658 1329 720 1403 suo
739 1354 828 1425 pane
842 1327 1004 1402 vescens:
1026 1329 1273 1423 multumque,
1293 1329 1329 1401 in
1344 1330 1455 1423 locis,
1473 1331 1522 1402 ob
1532 1330 1671 1407 crebras
1687 1359 1767 1430 per·
1826 1410 1833 1423 ,

453 1481 481 1525 ,,
499 1427 720 1521 strutiones,
745 1426 914 1523 dispersa:
943 1448 1147 1522 magnoque
1164 1423 1284 1519 spacio
1300 1424 1467 1523 sejuncta.
1494 1428 1537 1502 N
1539 1453 1594 1501 am
1609 1429 1652 1501 ab
1663 1433 1769 1507 unius

454 1579 481 1623 „
499 1528 728 1600 extremitate
754 1524 796 1597 ad
810 1523 926 1596 'aliam
954 1520 1127 1596 intersunt
1153 1524 1338 1620 plusquam
1356 1523 1564 1622 ostingenta
1581 1526 1766 1617 milliaria,

454 1677 483 1720 „
500 1621 710 1720 subditaque
729 1623 862 1718 ubique
879 1621 1030 1710 ditioni,
1047 1619 1285 1693 sacerdotibus
1302 1619 1514 1695 infidelium.
1541 1624 1682 1701 Tamen
1693 1626 1767 1700 Dei

455 1768 483 1817 „
527 1721 617 1794 rarii
634 1745 679 1793 ex
697 1745 736 1793 ea
754 1744 825 1793 non
845 1717 959 1790 effluit
976 1717 1102 1812 aliquis
1119 1736 1183 1790 aut
1197 1718 1315 1812 aliqua
1332 1740 1508 1813 unquam:
1528 1740 1590 1793 aut
1609 1721 1688 1795 raro
1704 1723 1768 1819 qui

454 1860 482 1913 5,
499 1743 754 1988 ssuespendatur,
797 1817 1006 1911 dicioneque
1033 1812 1206 1910 praedidlal
1232 1815 1466 1910 emendetur,
1499 1839 1561 1893 aut
1587 1819 1770 1918 lupanaria

512 1938 531 1987 e
569 1934 660 1989 etur.
1317 1963 1349 1989 ..

455 1967 483 2075 ξ’
498 2063 526 2106 ,,
548 2012 646 2110 Qrae
665 2010 886 2104 subduntur,
911 2008 1014 2084 nobis
1033 2007 1187 2083 multum
1207 2003 1287 2084 sunt
1305 2011 1473 2109 ambigua
1490 2033 1597 2111 atque
1613 2013 1718 2090 tesia.

498 2162 526 2204 „
544 2114 732 2203 Priml,an
743 2114 835 2184 inter
845 2107 943 2182 verbi
954 2107 1026 2180 Dei
1037 2107 1215 2181 ministros
1224 2107 1373 2184 debeant
1384 2111 1540 2186 ordinari
1550 2114 1768 2209 dignitatum

452 2253 481 2303 „
500 2209 650 2305 gradus:
678 2227 844 2302 utputa:
872 2205 1133 2302 Episcopatus,
1150 2203 1366 2299 Presbyterii
1381 2209 1418 2283 δι
1437 2210 1671 2293 Diaconatus.
1699 2213 1768 2286 Vi·

453 2352 481 2399 „
500 2307 630 2380 dentur
642 2307 742 2378 enim
760 2305 804 2380 ab
822 2302 1002 2400 Apostolo
1021 2302 1223 2384 Timotheo
1242 2303 1279 2377 ὃ(
1297 2305 1391 2377 Tito
1408 2309 1582 2402 praecipi,
1609 2310 1646 2383 δι
1658 2309 1768 2383 Chri·¹

454 2436 482 2495 3,
502 2403 573 2472 slus
599 2423 711 2494 caput
737 2401 910 2472 ordinasse
935 2400 1040 2497 super
1065 2398 1262 2496 Apostolos
1288 2402 1456 2475 Petrum:
1492 2403 1657 2500 interque
1673 2404 1768 2502 ipsos

455 2548 483 2592 „
502 2496 699 2592 Apostolos
724 2493 826 2569 fuisse
843 2498 1056 2592 nonnullos,
1082 2497 1145 2608 qui
1164 2496 1376 2571 dicebantur
1393 2496 1585 2579 columna.
1623 2502 1694 2581 His
1712 2523 1767 2580 ta·

454 2645 482 2688 „
500 2618 581 2668 men
600 2595 770 2767 1pradibus
790 2597 881 2670 inter
899 2621 964 2671 nos
983 2620 1056 2669 non
1073 2616 1223 2669 utimur.
1249 2595 1321 2689 Et,
1338 2620 1382 2670 an
1396 2594 1574 2674 distorum
1585 2600 1766 2677 ministro·

453 2741 481 2787 „
500 2717 579 2769 rum
628 2692 843 2790 tjudicare?

498 2845 528 2886 „
547 2795 713 2883 Secunda,
731 2818 774 2865 an
792 2792 818 2864 aw
831 2794 913 2866 Deo
933 2791 1159 2880 ordinatum,
1178 2788 1369 2887 potestates
1388 2792 1461 2868 five
1469 2792 1693 2891 magistratus
1703 2796 1766 2872 de·

451 2941 481 2986 „
498 2890 583 2963 bere
609 2891 835 2983 homicidas,
871 2891 1046 2983 latrones,
1081 2892 1118 2967 ὃς
1146 2890 1355 2987 hujusmodi
1381 2890 1621 2968 malefasiores
1647 2916 1767 2972 morte

453 3037 480 3083 „
499 2989 652 3087 punire,
686 3013 729 3061 an
753 2989 822 3060 alia
847 2989 934 3078 viel,
968 2990 1130 3063 viventes
1157 2986 1194 3063 ὃ(
1223 2989 1259 3062 in
1286 2991 1521 3065 amaritudine
1548 2992 1768 3089 prenitentes

452 3131 480 3180 „
499 3087 693 3160 reddantur
710 3089 885 3160 meliores.
917 3087 1061 3161 Dicunt
1078 3088 1171 3161 enim
1190 3090 1377 3183 nonnulli,
1402 3089 1614 3188 potestatem
1634 3092 1676 3164 ad
1697 3093 1766 3164 hu·

453 3238 480 3279 „
495 3187 655 3282 jusmodi
682 3188 909 3285 punitiones,
937 3186 973 3258 bc
993 3210 1064 3257 non
1083 3187 1209 3259 mortis
1228 3191 1417 3283 timorem,
1442 3211 1564 3286 gerere
1581 3188 1763 3284 gladium:

453 3332 480 3375 „
501 3285 537 3357 δὲ
558 3287 679 3358 Deum
699 3285 795 3357 nolle
810 3302 963 3354 mortem
985 3284 1205 3378 peccatoris,
1231 3284 1286 3359 sed
1305 3306 1346 3360 ut
1365 3286 1641 3361 convertatur&
1654 3285 1767 3356 vivat.

483 3429 528 3467 .„
546 3382 677 3474 Tertii,
699 3406 742 3454 an
762 3383 857 3477 leges
876 3379 999 3451 civiles
1018 3380 1054 3452 &
1074 3378 1281 3475 hujusmodi
1298 3383 1341 3455 ab
1362 3382 1567 3456 hominibus
1587 3383 1766 3474 inventae‚

454 3524 481 3565 „
500 3476 627 3568 quibus
659 3481 755 3551 circa
782 3474 993 3574 temporalia
1019 3482 1175 3549 mundus
1198 3479 1364 3574 regitur,
1405 3480 1544 3549 valeant
1570 3475 1766 3550 secundum
1852 3514 1859 3528 ι

454 3621 481 3664 „
502 3572 643 3645 Deum:
675 3579 758 3670 quia
774 3576 961 3649 scribitur:
990 3575 1084 3670 leges
1103 3573 1323 3672 populorum
1341 3599 1441 3648 vanae
1460 3572 1553 3648 sunt.
1618 3653 1623 3662 ,

456 3757 459 3762 ¹
502 3721 531 3761 ‚‚
547 3672 705 3768 Quarta,
724 3698 767 3745 an
777 3675 881 3748 liceat
891 3671 993 3745 nobis
1005 3672 1202 3768 plebeculae
1213 3672 1343 3746 nostra:
1354 3670 1557 3765 consulere,
1574 3690 1616 3745 ut
1626 3669 1766 3746 interfi-

453 3820 481 3861 „
500 3767 596 3839 ciant
614 3765 715 3838 falsos
735 3771 858 3845 fratres
876 3771 1104 3867 proditores,
1118 3770 1181 3868 qui
1199 3770 1291 3844 inter
1308 3768 1440 3845 didam
1459 3768 1680 3865 plebeculam
1700 3770 1766 3849 sae·

450 3918 479 3960 „
499 3865 620 3963 piculc
640 3863 837 3961 pullulant:
857 3870 942 3942 cum
961 3872 998 3941 in
1017 3869 1224 3964 hujusmodi
1240 3892 1317 3941 non·
1331 3869 1519 3943 habeamus
1537 3869 1614 3946 ullo
1633 3869 1769 3963 modo,

453 4017 481 4058 „
500 3965 573 4061 qual
601 3964 794 4060 puniantur
819 3967 904 4041 tales
930 3966 1155 4064 proditores,
1181 3966 1353 4040 ditionem
1374 3968 1623 4063 temporalem.
1665 3968 1766 4039 Exo-

453 4115 480 4157 „
500 4066 641 4136 riuntur
663 4063 779 4155 enirn,
806 4085 849 4135 ut
867 4088 938 4136 rem
959 4060 1037 4136 sanc
1057 4064 1254 4160 intelligas,
1280 4065 1374 4139 inter
1392 4064 1527 4142 didam.
1541 4066 1766 4164 plebeculam

454 4160 578 4254 „falfi
606 4161 749 4238 fratres:
786 4161 848 4260 qui
875 4158 972 4237 clam
996 4160 1176 4238 accedunt
1199 4162 1243 4240 ad
1268 4163 1483 4244 Antichristi
1510 4164 1690 4250 membra:
1724 4181 1769 4235 ur

1612 4312 1644 4361 a>
1659 4278 1773 4361 Fun>
