4442 5150
467 620 635 716 ΛΑΜ).
803 615 1446 695 RENOVATI.
1573 638 1578 645 ·
1710 640 1776 696 atr

462 777 529 851 per
554 754 692 846 aliquot
717 751 791 825 dies
817 753 853 825 in
882 750 1042 825 custodia
1066 751 1244 844 detinuit,
1274 751 1464 849 jussitque,
1490 772 1535 826 ne
1552 749 1679 851 pedem
1697 769 1777 826 mo·

462 872 570 927 veant
584 848 604 921 ὲ
618 851 834 942 diversorio,
855 851 1001 948 nequid
1020 848 1086 922 suis
1105 852 1344 944 perscribant,
1364 876 1407 922 ne
1425 850 1567 926 suorum
1588 875 1694 948 quem
1711 853 1776 939 ali·

461 948 537 1045 qub
557 952 726 1039 mittant,
744 949 859 1019 donec
876 948 971 1018 aliud
992 951 1198 1038 renunciet,
1217 951 1343 1043 capitis
1354 969 1462 1044 atque
1477 946 1701 1022 fortunarum
1714 952 1775 1024 de·

463 1048 633 1119 nunciata
651 1070 782 1141 poena,
804 1044 827 1116 sr
848 1044 944 1121 secus
963 1046 1092 1117 saciant
1104 1078 1116 1132 ς
1144 1045 1284 1119 Utnon
1295 1044 1358 1117 nisi
1371 1048 1521 1141 repetita
1532 1049 1708 1143 petitione
1719 1047 1777 1123 sua

463 1146 499 1217 ὃ(
512 1147 624 1216 multa
643 1146 791 1215 aliorum
812 1142 1055 1216 intercessione
1073 1144 1215 1218 tandem
1226 1143 1377 1216 abeundi
1394 1145 1594 1216 libertatern
1606 1146 1775 1218 obtinue·
1792 1216 1798 1221 .

461 1245 546 1312 rint.
579 1242 796 1337 Quanquam
816 1242 872 1312 vel
891 1262 967 1313 tum
988 1242 1153 1314 Cadenus
1173 1239 1452 1338 Noribergensrs
1472 1242 1650 1336 Syndicus
1663 1242 1777 1336 jussus

461 1337 571 1412 suerit
591 1364 753 1431 manere,
781 1340 907 1436 capitis
926 1364 1071 1436 poenam
1093 1339 1158 1412 nisr
1177 1361 1295 1435 pareat
1317 1338 1528 1411 incursurus.
1561 1338 1677 1436 Cujus
1696 1343 1776 1435 qui-

459 1437 542 1508 dem
573 1440 621 1508 rei
650 1439 730 1509 haec
759 1459 833 1521 erat
852 1438 951 1509 causa
970 1438 1044 1530 (a)·,
1081 1437 1331 1533 Landgrarius
1347 1435 1490 1508 dederat
1509 1436 1651 1509 abituro
1670 1435 1775 1511 libel·
1905 1491 1907 1497 .

460 1534 536 1606 lum
557 1536 737 1630 eleganter
755 1536 964 1607 adornatum
986 1538 1047 1629 qui
1064 1536 1240 1609 Dollrinae
1255 1524 1454 1627 Christiane
1465 1537 1635 1613 Summam
1654 1537 1775 1631 paucis

460 1630 790 1729 complectebatur,
827 1652 866 1703 ut
895 1631 1027 1704 Caesari
1055 1633 1174 1705 daret:
1214 1638 1245 1705 ls
1273 1657 1336 1727 per
1354 1631 1602 1723 occasionem,
1628 1658 1712 1706 cum
1731 1635 1778 1708 ad

461 1731 611 1801 Sacrum
640 1732 706 1802 iret
735 1726 877 1819 Caesar,
903 1731 1080 1828 porrigit:
1115 1727 1236 1802 Caesar
1252 1731 1408 1803 invicem
1430 1728 1614 1828 Episcopo
1632 1731 1776 1807 cuidam

438 1911 440 1915 ‚
460 1827 644 1923 Hispano,
671 1827 817 1923 utquid
837 1828 886 1899 rei
905 1824 1010 1919 esset,
1037 1825 1284 1923 cognosceret.
1326 1828 1403 1900 Hic
1422 1826 1516 1900 sorte
1534 1830 1570 1898 in
1589 1829 1710 1901 locum
1730 1830 1776 1902 il·

460 1924 535 1997 lum
559 1926 708 2017 incidit,
728 1927 792 1997 ubi
802 1923 966 1998 Christus
985 1947 1107 1999 monet
1120 1924 1335 2020 Apostolos,
1360 1949 1442 2019 „ne
1461 1926 1703 2022 principatum
1722 1925 1777 2000 af·

456 2074 484 2116 „
497 2021 650 2115 feslent,
670 2025 740 2095 boc
758 2025 852 2096 enim
872 2021 1028 2118 ipsorum
1048 2047 1120 2096 non
1139 2022 1206 2097 elle
1223 2022 1466 2121 professionis,
1486 2025 1523 2097 &
1542 2027 1704 2120 gentium
1720 2049 1777 2100 te·

456 2153 484 2212 ·,‚
494 2145 556 2216 ges
570 2122 733 2218 usurpare
746 2121 809 2192 libi
821 2121 926 2192 talem
943 2121 1168 2218 potestatem.
1179 2171 1207 2215 ‚,
1234 2122 1329 2195 Eum
1342 2123 1460 2193 locum
1473 2125 1565 2195 inter
1575 2124 1640 2193 alia
1651 2120 1777 2199 audior

457 2218 697 2312 tractaverat,
741 2219 984 2292 demonstrans
1012 2221 1217 2314 eujusmodi
1251 2217 1293 2291 sit
1321 2217 1498 2292 Officium
1528 2221 1775 2296 ministrorum
1846 2294 1849 2299 ,
1898 2246 1905 2256 ·

458 2315 657 2406 Eeelesrae3
693 2316 750 2390 sed
778 2317 861 2406 ille,
897 2341 979 2388 cum
999 2318 1119 2390 obiter
1137 2296 1299 2413 legisset,
1325 2306 1553 2412 percontanti
1573 2317 1705 2391 Caesari
1727 2318 1777 2393 fic

455 2414 652 2506 reserabat,
688 2414 785 2508 quase
812 2416 1035 2512 magistratui
1062 2416 1269 2489 Christiano
1293 2416 1353 2510 jus
1376 2413 1484 2511 gladii
1507 2414 1650 2488 tolleret
1670 2416 1777 2500 libol-

455 2511 534 2605 lus,
562 2515 599 2589 ὃ(
619 2514 786 2609 gentibus
804 2515 1003 2604 duntaxat,
1029 2513 1150 2586 alienis
1169 2511 1189 2585 ὲ
1208 2513 1381 2607 religione
1400 2511 1603 2588 Christiana
1623 2503 1779 2613 permit*

454 2631 573 2682 teret:
622 2611 703 2682 Hac
729 2636 816 2711 ergo
846 2618 889 2684 de
917 2610 1018 2684 causa
1044 2612 1227 2683 detinetur
1254 2613 1343 2681 ille:
1390 2611 1478 2681 Hoc
1505 2613 1611 2683 etiam
1642 2613 1776 2686 Nicol.

457 2708 743 2800 Granvellanus,
769 2712 830 2805 qui
852 2710 1054 2782 Mercurini
1072 2730 1187 2804 partes
1207 2708 1329 2780 obibat
1342 2709 1573 2805 aegrotantis,
1600 2709 1775 2803 addebat,
1846 2775 1849 2781 .

457 2804 760 2892 velleCaesarem,
779 2829 819 2879 ut
837 2809 931 2880 idem
950 2807 1122 2905 scriptum
1142 2808 1307 2882 exhibeat
1319 2828 1462 2901 quoque
1475 2803 1643 2900 pontifici
1655 2838 1668 2891 3
1689 2830 1776 2880 cum

455 2924 577 2980 autem·
601 2904 676 3005 ipse
700 2902 834 2978 facium
862 2927 1032 3005 purgaret
1044 2958 1055 2997 ‚
1056 2929 1199 3079 Dogque
1218 2904 1298 2979 satis
1316 2906 1550 2976 commodum
1569 2900 1778 3075 responsfqm

702 3047 704 3050 v
1157 3028 1178 3076 2
1740 3026 1775 3075 r.-

496 3121 545 3200 (a)
571 3114 801 3184 SLEIDAN.
826 3117 968 3196 fol.105.
987 3121 1017 3183 b.
1045 3119 1116 3180 106.
1133 3138 1160 3181 a.
1193 3116 1320 3183 Mirum
1344 3116 1388 3182 est
1413 3116 1502 3200 quod
1525 3116 1619 3198 hujus
1635 3116 1776 3192 circum·

453 3201 566 3269 slantiae
592 3219 700 3284 prater
725 3202 912 3266 Sleidanum
935 3221 1031 3267 nemu
1055 3202 1251 3268 mentionem
1274 3202 1401 3283 fecerit,
1433 3202 1479 3268 uti
1503 3222 1542 3265 ne
1564 3203 1572 3265 i
1596 3202 1775 3283 sequidem
1840 3257 1842 3260 .
1916 3208 1918 3214 '

456 3284 873 3351 SECKENDORFIUS
900 3286 968 3366 ejus
993 3287 1047 3353 nist
1063 3288 1095 3353 iu
1112 3288 1417 3366 transitumeminit,
1440 3224 1773 3351 &MUbLERUS

455 3370 486 3431 in
504 3373 557 3432 lib.
582 3372 633 3433 eit.
659 3392 687 3453 p.
708 3390 781 3448 azo,
801 3390 872 3434 221.
897 3370 1030 3436 emidem
1045 3391 1082 3437 ex
1101 3371 1251 3436 Sleidano
1268 3371 1330 3435 sine
1347 3374 1414 3434 ulla
1430 3372 1531 3435 addita
1547 3368 1681 3432 uberiori
1699 3366 1775 3430 illu·

458 3449 600 3515 litatione
625 3455 796 3531 translulit3
828 3452 884 3518 Ut
909 3457 1010 3538 qualis
1034 3457 1088 3519 illa
1110 3456 1221 3530 fuerit,
1253 3453 1591 3536 &iquo'c'omposita
1609 3447 1774 3515 Doctrina

457 3531 617 3614 Summa,
648 3538 807 3617 itemque,
837 3539 907 3621 quis
932 3539 986 3603 ille
1011 3537 1182 3623 Episcopus
1206 3539 1297 3602 fuerit
1321 3538 1494 3618 Hispanus,
1519 3533 1548 3594 in
1567 3534 1687 3597 incerto
1704 3552 1773 3598 ma·

456 3632 546 3695 neat,
578 3639 656 3700 nec,
688 3621 755 3703 qub
780 3622 836 3686 illa
858 3623 929 3687 dein
952 3623 1044 3687 fuerit
1067 3624 1267 3707 transportata
1283 3619 1452 3701 confessio,
1477 3616 1608 3682 constet.
1650 3615 1774 3684 Intered

454 3714 580 3778 tamen,
613 3703 632 3764 sr
656 3705 846 3785 conjetltutis
869 3708 1033 3787 indulgere
1056 3709 1167 3785 liceat,
1193 3705 1457 3787 judicaverimus,
1481 3704 1614 3766 eandem
1639 3702 1772 3766 dLam·

451 3786 536 3846 berto
554 3785 756 3863 Avenimenfi
772 3790 862 3855 fuisse
879 3793 1108 3875 conscriptam,
1128 3792 1241 3875 quippe
1257 3790 1287 3853 in
1304 3790 1397 3865 eujus
1415 3787 1582 3853 Paradoxis
1602 3788 1640 3852 de
1657 3789 1772 3870 quibus

452 3869 484 3951 p.
503 3867 638 3934 LXlX.
670 3870 777 3936 atium
794 3877 855 3957 esi,
879 3875 996 3959 &qua
1016 3876 1229 3940 Miscellaueis
1249 3874 1355 3937 nostris
1373 3870 1658 3954 Duisbutgenssbus
1677 3871 1773 3937 inser-

451 3969 482 4018 ta
499 3958 649 4041 leguntur
667 3952 769 4019 Tum.
788 3958 831 4021 ll.
855 3960 946 4024 facie.
968 3961 1023 4023 lll.
1047 3982 1078 4023 n.
1097 3982 1128 4024 x.
1152 3982 1181 4043 p.
1202 3976 1273 4036 555.
1292 3958 1338 4039 sq.
1364 3957 1440 4022 inter
1457 3959 1516 4023 alia
1531 3960 1596 4021 baec
1613 3957 1773 4043 reperiun-

452 4054 521 4104 tur:
558 4035 702 4126 Episcopi
720 4038 897 4116 Domini&
909 4044 1073 4130 Principes
1091 4043 1147 4125 effe
1164 4066 1199 4104 ac
1217 4044 1294 4128 leges
1305 4041 1449 4125 fidelibus
1467 4044 1591 4105 condere
1605 4066 1640 4103 ne
1663 4055 1771 4103 uerunt.

454 4123 555 4190 Item:
589 4124 653 4212 Qui
677 4148 736 4186 non
760 4125 975 4208 administrant
1001 4129 1128 4190 verbum
1157 4124 1239 4208 Dei,
1271 4125 1352 4189 nihil
1374 4130 1496 4204 minus,
1520 4150 1612 4214 qaam
1631 4063 1771 4211 gpiscupr'

452 4204 593 4286 Ecclefiae
603 4212 693 4291 sunt.
719 4209 875 4274 Videmus
890 4224 997 4276 autem
1015 4210 1242 4276 doctissimum.
1272 4210 1522 4277 SALlGlUM
1542 4212 1571 4273 in
1584 4210 1661 4275 Hill.
1681 4211 1771 4291 Aug·

452 4287 595 4361 Confeff.
615 4293 661 4363 T.
672 4296 698 4361 l.
717 4317 748 4379 p.
761 4291 831 4378 138.
853 4293 888 4367 ,iu
903 4296 960 4364 bac
977 4297 1087 4364 eadem
1105 4293 1290 4378 conjectura
1305 4298 1475 4365 nobiscum
1491 4295 1606 4361 facere,v
1719 4369 1722 4374 y
