4442 5150
453 723 579 796 Virum
594 721 698 791 modo
712 739 744 791 te
758 719 934 815 praebeas,
956 718 1046 791 &td
1068 718 1184 791 iterac
1208 717 1467 815 disputationem
1490 720 1581 796 illam
1605 722 1715 797 accin-

451 842 540 916 gere.
589 817 793 903 Caeterum,
815 836 894 886 cum
915 815 976 885 hac
987 811 1206 888 occasione&
1220 816 1460 890 commoditate
1477 818 1615 890 antehac
1626 841 1715 890 nun·

452 932 554 1004 quam
574 910 756 982 destitutus
781 909 907 997 fueris,
929 907 1060 978 interim
1080 928 1162 977 vero
1186 931 1249 982 nec
1265 932 1344 981 cum
1368 913 1548 1010 Tigurinis
1566 912 1713 1002 nostris,

451 1027 514 1076 nec
528 1004 722 1091 nobiscum,
746 1005 799 1078 vel
813 1003 926 1076 verbis
937 1023 1050 1072 coram
1064 1001 1118 1072 vel
1132 1001 1262 1110 scriptis
1279 1003 1395 1079 absens
1413 1031 1511 1104 agere
1554 1006 1714 1101 uicquam

450 1097 651 1190 institueris,
673 1100 726 1173 sed
739 1100 882 1194 reliquas
890 1096 1052 1187 duntaxat
1062 1091 1309 1171 Helvetiorum
1322 1100 1472 1173 civitates
1487 1030 1715 1196 adirujusmo·

451 1194 486 1266 di
501 1199 657 1272 motus&
670 1195 784 1268 turbas
796 1190 1043 1275 sollicirea‚non
1059 1190 1244 1264 obscurum
1255 1191 1320 1265 elle
1333 1196 1441 1287 potest
1453 1196 1537 1292 quid
1546 1195 1712 1285 instituas,

453 1289 508 1362 vel
532 1292 552 1362 e
574 1312 722 1397 quonam
736 1284 838 1357 animi
856 1282 977 1356 scrinio
993 1284 1172 1356 confilium
1188 1286 1255 1357 hoc
1268 1290 1471 1380 promanarir
1482 1290 1535 1376 ,δε
1557 1288 1591 1359 in
1606 1309 1712 1384 quem

452 1382 558 1458 finem
576 1386 673 1457 adem
691 1380 775 1452 illud
795 1379 918 1450 tendat.
968 1377 1044 1450 Cur
1062 1381 1180 1473 quaeso
1205 1404 1273 1452 non
1286 1381 1433 1475 publicis
1456 1382 1585 1476 scriptis
1601 1383 1714 1455 innoc

452 1479 670 1564 invectum,
691 1472 852 1568 fiquidem
866 1494 920 1545 me
928 1495 1058 1544 errores
1070 1475 1191 1545 docere
1203 1475 1240 1546 ὃ(
1258 1473 1362 1546 serere
1379 1475 1524 1549 sciebas?
1546 1475 1630 1564 Vel,
1651 1496 1716 1549 cur

453 1597 522 1648 non
538 1571 742 1670 'ligurinam
753 1568 923 1640 ecclefiam
937 1587 976 1640 ut
991 1566 1034 1639 ab
1052 1567 1225 1641 erroribus
1247 1567 1428 1662 (fiquidcm
1453 1584 1582 1642 errores
1610 1570 1716 1660 sunt,

453 1683 494 1740 ut
514 1684 553 1737 tu
572 1662 784 1769 pronuntias}
810 1663 1004 1760 hujusmodi
1034 1663 1094 1734 libi
1119 1681 1279 1751 averet,
1303 1664 1535 1737 admonuisti?
1563 1663 1599 1738 Si
1621 1665 1715 1738 enim

453 1755 912 1856 Tigunquosdamdodlrina
923 1779 996 1828 mea
1007 1756 1374 1854 {eumquaecunque
1388 1779 1425 1830 ut
1438 1750 1718 1857 ibidemquoqu!

453 1853 600 1948 palantes
620 1850 772 1923 oviculas
799 1852 833 1922 in
860 1854 949 1923 viam
968 1858 1126 1938 reducam
1148 1851 1186 1923 &
1205 1873 1319 1921 meum
1339 1875 1489 1923 errorem
1523 1856 1735 1951 agnoscam:

454 1945 564 2038 Quod
585 1943 607 2018 d
625 1968 710 2018 vero
719 1944 850 2040 scriptis
865 1947 948 2018 meis
959 1944 1097 2039 quidam
1118 1942 1247 2016 sedudli
1259 1965 1386 2031 errant,
1412 1945 1501 2017 idem
1522 1966 1560 2018 ru
1573 1968 1717 2042 quoque

353 2044 356 2055 '
453 2039 583 2135 scriptis
595 2039 821 2112 demonstrare
832 2037 986 2112 debebas.
1009 2036 1128 2111 Multo
1142 2036 1272 2108 diutius
1287 2037 1424 2110 enimin
1443 2038 1584 2137 longum
1598 2062 1717 2112 aevum

453 2132 576 2208 durare
589 2133 694 2207 solent
705 2157 786 2230 quae
808 2134 938 2230 scriptis
950 2132 1101 2205 mandata
1115 2129 1208 2220 sunt,
1234 2151 1337 2222 quam
1351 2133 1542 2228 qure·semel
1553 2140 1718 2209 duntaxat

312 2265 323 2297 a
454 2229 733 2303 interdicendum
747 2225 815 2300 oris
826 2227 969 2300 claullra
980 2227 1173 2301 exiverunt.

503 2322 655 2415 Quinto,
682 2323 857 2410 qualenam
881 2321 967 2395 illud
985 2321 1050 2396 elle
1075 2340 1265 2418 putemus,
1297 2322 1392 2416 quod
1418 2322 1511 2419 apud
1537 2321 1721 2397 Helvetios

456 2419 530 2494 Scri
558 2435 643 2491 turae
664 2417 763 2490 sacrae
785 2416 918 2516 judices
933 2418 985 2489 vis
1002 2416 1189 2489 constitui?
1211 2415 1292 2504 Qua
1312 2416 1422 2493 fronte
1445 2418 1518 2490 haec
1532 2420 1587 2490 vel
1608 2419 1721 2491 dicere

455 2441 630 2588 vellicare
644 2512 767 2587 audes?
790 2514 846 2587 An
864 2536 947 2587 vero
963 2509 1226 2588 Pontificiorum
1243 2510 1512 2683 Canonum¹jam
1523 2509 1722 2605 oblituses,

455 2607 517 2707 qui
534 2607 714 2703 prohibent
738 2661 760 2699 ‚‚
782 2629 825 2682 ne
845 2607 1058 2705 quispraeter
1075 2607 1187 2680 solum
1208 2603 1411 2681 Pontificem
1439 2631 1529 2681 acras
1541 2606 1721 2702 scripturas

454 2757 478 2795 ‚‚
498 2701 552 2775 vel
562 2702 1117 2803 ertptlnat,veldirigat‚velcarum
1125 2699 1547 2799 sensumalrerisproferat?
1561 2755 1582 2790 ,,
1592 2702 1718 2779 Talem

457 2820 547 2875 oerte
570 2799 680 2873 teelse
692 2802 809 2887 video,
853 2820 888 2871 ur
900 2799 1126 2895 nelcioquem
1140 2798 1213 2903 iplo
1226 2797 1304 2871 Deo
1324 2819 1469 2899 quoque
1487 2799 1730 2892 sapientiorem

457 2895 557 2969 nobis
577 2820 889 2989 monstranpmlrs,
913 2915 1017 2987 quem
1041 2892 1201 2995 tudlvmi
1224 2892 1319 2960 verbi
1325 2893 1478 2993 judicem
1494 2898 1544 2962 vis
1555 2892 1722 2963 constitu·

456 3011 524 3061 ere.
546 2990 626 3061 Nec
637 2989 726 3059 enim
739 2988 881 3077 alicujus
892 3002 1373 3068 momentterrt,c0mmunem
1385 2983 1476 3053 illam
1493 2984 1721 3081 &vulgarem

457 3082 640 3188 tritamque
666 3079 910 3242 pbjesdlippetsnb
930 3094 1143 3240 praedtexeress
1172 3096 1250 3238 quas
1260 3074 1362 3237 prulti
1385 3075 1579 3242 clamitpnpif
1610 3078 1720 3174 Atqui
1802 3134 1807 3142 .

668 3261 1724 3434 r

457 3382 686 3558 lmgpepptpn
701 3383 774 3530 1ch
793 3382 832 3527 ie
854 3382 961 3527 igidi
1004 3383 1053 3526 nl
1077 3452 1146 3526 Dei
1159 3379 1471 3527 verbisa'enim‘it
1493 3381 1549 3526 mg
1570 3453 1606 3527 ὅ(
1626 3381 1724 3534 rtiqtuc¹
1770 3536 1776 3545 ,

458 3555 656 3629 universum
670 3552 849 3644 hpminum
865 3570 972 3648 genus
992 3547 1147 3646 judicare
1167 3547 1277 3620 debet.
1331 3547 1378 3621 Et
1390 3546 1415 3621 fi
1427 3566 1465 3621 tu
1477 3551 1722 3644 quandoinlo·

459 3671 542 3722 cum
576 3649 724 3743 aliquem
746 3641 918 3722 offendens
933 3663 976 3745 ,te
999 3643 1098 3751 illum
1129 3663 1344 3741 nequaquam
1365 3666 1408 3717 eo
1433 3642 1545 3749 semu?
1570 3666 1643 3753 quo
1661 3669 1725 3720 not

457 3764 538 3816 eum
560 3744 798 3839 exponimus,
822 3741 974 3838 accipere
993 3740 1143 3831 dixeris,
1169 3755 1385 3905 netpnpuem
1414 3739 1561 3811 homrms
1581 3740 1725 3840 alicujus

458 3835 616 3912 sententia
635 3837 689 3911 hic
712 3836 920 3935 exputanda
943 3835 1028 3923 erit,
1051 3858 1133 3934 quae
1153 3832 1246 3906 litem
1266 3832 1291 3903 rl
1305 3858 1359 3907 am
1380 3832 1517 3909 dirimat
1543 3858 1553 3901 t
1602 3836 1658 3911 sed
1678 3836 1723 3910 td

458 3929 564 4010 alium
585 3932 756 4033 quendam
771 3932 945 4031 scripturae
967 3931 1087 4011 locum
1118 3928 1364 4008 recurrendum
1384 3928 1454 4028 est,
1475 3949 1515 4007 ut
1536 3928 1635 4011 illum
1657 3949 1741 4094 ‹penu-
