4442 5150
994 540 1114 639 (rr)

403 683 441 772 ‘„'
451 668 793 764 sufficit,aestimetur.
806 727 828 765 „
846 671 1111 748 Profenoenrm
1125 674 1201 771 quis
1211 673 1309 748 locus
1319 676 1476 767 tutus,&
1490 701 1571 776 quae
1582 683 1681 759 causa

407 776 531 871 poterit
549 771 612 846 esse
636 772 807 858 excusata,
830 769 854 842 st
875 770 1061 843 veneranda
1084 770 1153 842 Dei
1173 771 1298 865 templa
1314 773 1465 866 pecuniis
1481 798 1683 876 expugnen-

408 880 490 942 tur?
511 891 616 963 quem
639 888 778 938 murum
802 864 999 963 integritatis
1020 882 1080 937 aut
1098 864 1227 937 vallum
1256 865 1336 938 fidei
1355 868 1634 963 providebimus,
1658 874 1684 948 fi
1749 893 1752 898 ’
1784 890 1786 895 ’

407 963 481 1038 auri
499 964 586 1034 sacra
604 961 706 1034 fames
718 962 896 1058 penetralia
908 959 1092 1031 veneranda
1104 959 1297 1126 ffi'st'pm
1323 961 1591 1062 Denique,quid
1603 992 1683 1041 cau·

409 1071 484 1131 turn
500 1057 566 1132 elle
577 1061 713 1154 poterit,
740 1076 797 1127 aut
812 1054 988 1140 securum,
1012 1053 1104 1124 fisan
1145 1055 1203 1126 'tas
1216 1063 1413 1157 incorrupta
1425 1063 1682 1158 corrumpitur?

409 1151 525 1227 Cesset
536 1150 698 1225 altaribus
717 1151 891 1221 imminere
905 1148 1100 1245 prophanus
1115 1150 1214 1222 ardor
1225 1151 1381 1224 avaritia:
1407 1154 1443 1224 ὃ(
1456 1153 1475 1224 a
1489 1154 1585 1228 sacris
1598 1159 1682 1256 ady-

410 1251 452 1324 tis
464 1247 644 1340 repellatur
664 1246 820 1341 peculare
837 1243 1014 1341 flagitium.
1068 1245 1116 1314 lta
1137 1245 1247 1317 castus
1260 1247 1295 1318 ὃ(
1310 1247 1448 1319 humilis
1465 1251 1586 1322 nostris
1596 1273 1684 1326 tern·

409 1342 553 1444 poribus
581 1341 725 1437 eligatur
749 1339 965 1432 Episcopus,
994 1358 1032 1409 ut
1049 1337 1207 1410 locorum
1230 1364 1442 1437 quocunque
1471 1350 1682 1439 pervenerit,

410 1437 524 1513 omnia
536 1436 675 1534 propris
695 1435 773 1506 vitae
786 1433 974 1531 integritate
988 1429 1165 1529 purificet,
1186 1459 1255 1506 non
1271 1437 1379 1531 pretio
1391 1437 1445 1508 sed
1458 1440 1613 1533 precibus
1623 1468 1680 1515 or·

386 1532 554 1608 ⁴dinetut.
612 1528 758 1602 Antistes
780 1547 910 1599 tanturn
928 1527 973 1598 ab
988 1525 1119 1598 ambitu
1144 1528 1245 1602 debet
1262 1529 1327 1602 effe
1343 1530 1520 1629 sepositus,
1535 1556 1574 1607 ut
1586 1560 1690 1632 quaee

410 1647 503 1702 ratur
519 1627 711 1723 cogendus,
735 1644 873 1720 rogatus
891 1623 1036 1707 recedat,
1062 1621 1394 1725 invitatusoffitgiat,
1417 1626 1484 1696 sola
1499 1630 1547 1700 illi
1567 1631 1681 1706 suffra.

409 1742 511 1823 getut
523 1717 690 1794 ncceffitas
708 1717 901 1788 excusandi.
953 1714 1116 1787 Profecto
1133 1718 1222 1790 enirn
1236 1719 1395 1818 indignus
1408 1721 1455 1792 cll
1468 1723 1677 1818 Sacerdotio,

408 1817 470 1890 nist
487 1816 589 1889 fuerit
609 1814 780 1885 ordinatus
803 1811 941 1881 invitus.
991 1809 1073 1903 Qua
1097 1811 1141 1884 de
1159 1812 1305 1885 re.haud
1318 1818 1362 1886 ita
1377 1816 1511 1913 longius
1524 1818 1678 1898 standum

408 1905 508 1984 nobis
519 1912 584 1984 elle
597 1910 755 1979 ducimus
772 1906 910 1977 illorum
929 1904 1248 2000 disceptationibus,
1271 1912 1331 2006 qui
1344 1930 1410 1981 tarn
1423 1911 1620 2007 importune
1633 1918 1679 1992 sa.

409 2007 556 2080 cerdotia
569 2021 746 2100 quaerunt,
769 2023 807 2070 ac
823 1999 936 2096 passim
948 2000 1094 2071 aliorum
1113 2004 1232 2098 injuria
1250 2001 1314 2076 sese
1332 2009 1537 2094 consecrant,
1561 2032 1604 2080 ne
1620 2010 1679 2084 sci·

411 2099 489 2174 licet
514 2101 591 2171 illos
623 2096 837 2189 expediando
859 2095 990 2169 interim
1014 2093 1118 2167 statua
1142 2097 1267 2170 nostrae
1297 2099 1410 2171 salutis
1426 2101 1681 2195 periclitaretur.

410 2195 559 2269 Proinde
572 2194 705 2288 aliquot
718 2191 787 2285 jam
810 2193 902 2262 annis
925 2213 994 2261 non
1011 2191 1114 2287 reque
1128 2193 1423 2292 Evangeliumhic
1436 2199 1679 2275 annunciatum

411 2289 481 2365 est:
507 2290 636 2384 quippe
648 2286 703 2356 alii
719 2310 780 2380 pro
796 2287 925 2357 Chrisli
945 2286 1136 2383 Evangelio
1148 2287 1340 2378 Thomam,
1363 2290 1524 2378 Scotum,
1550 2294 1680 2368 Aristo-

411 2385 530 2469 telem,
552 2381 751 2454 Christianis
764 2379 904 2449 auribus
925 2377 1054 2450 sumina
1075 2403 1156 2452 cum
1175 2380 1371 2479 indignitate
1384 2383 1603 2459 instillarunt:
1622 2390 1679 2463 alii

410 2477 583 2551 loculis&
611 2473 781 2567 marsupio
793 2472 1053 2558 consuluerunt,
1076 2474 1293 2568 praedicando
1305 2500 1375 2547 non
1386 2480 1565 2572 gratuitam
1582 2481 1682 2577 fidei,

411 2570 466 2647 sed
487 2571 736 2668 pronundinam
761 2566 921 2639 fiduciam
946 2590 1116 2661 operum:
1139 2566 1195 2640 alii
1220 2568 1298 2641 item
1322 2570 1581 2666 in'operculum
1611 2577 1682 2653 suae

410 2671 518 2741 carnis
535 2668 571 2741 &
590 2663 768 2760 impietatis
789 2665 893 2734 saetas
918 2661 1029 2733 literas
1046 2663 1285 2737 detorserunt:
1334 2688 1382 2737 uo
1403 2664 1532 2740 saelum
1551 2671 1615 2761 est,
1640 2697 1681 2759 ut

410 2762 510 2836 multi
522 2761 663 2834 nesciant
678 2784 778 2855 quarn
792 2758 881 2828 viam
908 2759 1104 2851 sequantur,
1125 2778 1227 2858 atque
1244 2760 1289 2832 ita
1305 2686 1400 2833 dubii
1415 2784 1546 2852 errent,
1569 2786 1607 2837 ut
1624 2792 1681 2841 na.

410 2859 463 2931 vis
477 2860 509 2929 in
527 2858 639 2927 medio
656 2855 739 2925 mari
753 2852 978 2951 gubernatore
995 2852 1163 2926 destituta.
1217 2854 1326 2945 Quod
1351 2857 1479 2928 maltam
1504 2883 1546 2931 ne
1568 2860 1680 2934 indul.

410 2953 522 3050 genria
540 2952 642 3023 nimia
654 2970 712 3021 aut
731 2949 891 3019 irritando
908 2968 1067 3042 tanquam
1080 2968 1215 3020 excetra
1227 2950 1283 3021 illa
1306 2952 1448 3024 lernaea
1467 2954 1553 3027 vires
1564 2958 1680 3052 aequi.

411 3069 514 3136 reret,
536 3068 596 3118 aut
615 3045 713 3116 latius
736 3043 894 3138 serperet,
917 3042 1047 3113 sumina
1065 3066 1146 3116 curn
1169 3043 1345 3143 diligentia
1364 3044 1384 3118 ὲ
1400 3048 1593 3123 nostrorum
1610 3053 1680 3123 ani.

410 3144 474 3215 mis
491 3142 625 3224 tollere,
647 3142 683 3211 ὅ(
709 3138 878 3230 adusque
903 3137 1015 3208 vivam
1048 3139 1191 3215 radicem
1222 3160 1443 3214 averruncare
1467 3143 1678 3236 studuimus:

409 3238 596 3334 quaerendo
607 3234 732 3306 scilicet
747 3230 845 3302 nobis
862 3234 898 3302 ἃ
927 3232 1087 3304 Ecclefiae
1100 3232 1224 3304 nostrae
1235 3257 1314 3305 euin
1333 3236 1521 3325 Pastorem,
1544 3240 1604 3334 qui
1631 3238 1680 3312 in.

410 3330 561 3403 credibili
581 3329 754 3401 fiducia&
767 3327 933 3398 alacritate
951 3327 1109 3399 Verbum
1130 3327 1288 3417 Domini,
1315 3329 1682 3439 &impervestigabiles

410 3422 455 3495 ab
464 3424 610 3495 humana
629 3422 805 3517 prudentia
826 3421 960 3491 divitias
976 3424 1050 3517 eJus
1074 3421 1112 3492 &
1128 3424 1406 3496 communionem
1421 3426 1570 3525 mysterii
1583 3432 1694 3523 quod¹

410 3538 479 3590 erat
498 3516 769 3590 abscondituma
792 3514 927 3600 seculo,
955 3516 1031 3586 ideo
1055 3514 1155 3589 nobis
1171 3517 1361 3591 decantabit
1385 3519 1569 3594 secundum
1589 3529 1680 3619 spem

411 3611 575 3698 nostram,
599 3635 701 3707 quam
728 3612 761 3681 in
776 3611 864 3682 illam
880 3608 1041 3682 habemus
1060 3609 1235 3706 repositam
1249 3614 1282 3685 in
1300 3614 1469 3704 Domino,
1490 3619 1551 3712 qui
1567 3621 1681 3692 omni·

410 3707 476 3780 bus
493 3705 682 3775 innocentia
699 3706 779 3776 vitae
798 3707 833 3778 &
853 3704 1014 3775 modestia
1031 3704 1151 3777 charus
1166 3706 1237 3796 est,
1263 3710 1324 3805 qui
1349 3729 1442 3781 antea
1464 3711 1680 3787 atteveren-

409 3798 541 3873 dislttno
557 3800 601 3870 t).
629 3798 801 3892 Episcopo
811 3800 928 3870 nostro
938 3802 979 3870 ad
995 3798 1412 3896 Evangelizandimunus,
1438 3806 1474 3878 ὃ(
1487 3829 1681 3897 nuncuuo·

435 3894 509 3967 uei
527 3895 622 3966 nobis
636 3893 784 3963 unanimi
800 3893 962 3965 consensu
983 3896 1174 3966 vocatus&
1187 3903 1346 3971 accensus
1359 3900 1427 3986 est,
1449 3925 1487 3971 ac
1499 3899 1628 3976 elesius
1643 3908 1677 3980 in

449 3991 565 4065 omino
574 3992 674 4089 juxta
694 3987 974 4061 consuetudinem
991 3989 1034 4060 ab
1046 3987 1220 4086 Apostolis
1232 3996 1425 4093 vulgatam,
1450 3997 1487 4071 ὃ(
1503 3996 1682 4090 Ecclefiae,

1010 4084 1051 4161 H
1115 4157 1117 4162 .
1601 4118 1682 4192 quae
