4442 5150
935 495 938 501 ⁷
1041 539 1166 639 (ις)

448 732 452 739 .
485 675 620 749 Primo
641 672 872 776 significatur,
896 673 1185 771 quemadmodum
1202 670 1508 747 SandtitasVestra
1530 682 1579 748 D.
1602 683 1723 758 Cerea,

451 775 527 845 aiolo
548 772 724 871 negotium
744 770 870 843 dederit
889 773 924 844 bt
941 767 1191 841 abmandaverit
1210 766 1372 839 nuncium
1390 768 1431 840 ad
1454 767 1544 840 Caes.
1566 770 1723 866 Majeliaf

456 884 541 954 tem,
569 867 665 961 quod
685 865 785 937 illum
810 864 891 936 mihi
916 884 1050 961 gratum
1074 861 1310 949 intellexisset,
1331 860 1498 958 simulque
1521 862 1628 935 rosam
1663 889 1725 936 au·

454 959 546 1034 ream
558 956 780 1031 consecratam
794 956 1016 1056 gratillimum
1028 980 1153 1037 munus
1168 956 1260 1028 dono
1272 955 1386 1027 mittit.
1436 955 1554 1028 Altero
1566 959 1721 1054 praecipit

454 1054 492 1126 S.
504 1053 550 1127 V.
562 1072 600 1125 ut
610 1054 717 1125 eidem
735 1063 780 1126 D.
793 1055 969 1125 Caraccioso
984 1051 1233 1125 deindeTettio
1244 1071 1283 1121 ut
1296 1051 1331 1120 ὅ(
1347 1057 1395 1120 D.
1406 1049 1724 1148 HieronymoAleane

453 1149 521 1220 dro
549 1146 675 1219 nuncio
701 1147 879 1243 poenaliter
909 1147 1007 1220 millo
1031 1148 1073 1218 ad
1096 1144 1343 1242 exsequendam
1380 1143 1516 1216 Rullanr
1543 1144 1727 1234 Lutherii,

458 1241 970 1338 diligenter&studioscads1m.
1019 1239 1155 1334 Quarto
1169 1263 1250 1311 vero
1263 1236 1471 1334 praescribit,
1495 1262 1563 1334 qua
1574 1238 1627 1311 via
1638 1236 1724 1310 mihi

458 1334 699 1424 incedendum,
721 1337 761 1410 ad
778 1336 954 1411 excitatam
972 1336 992 1408 a
1011 1333 1180 1408 Lutherio
1192 1330 1631 1432 haercfinexstinguendam.
1655 1333 1725 1406 Po·

459 1428 585 1502 stremo
597 1430 744 1523 injunxit
756 1430 797 1502 de
818 1431 975 1503 Hutteno
986 1429 1240 1527 compescendo.

509 1523 686 1627 Principio
709 1525 846 1619 itaque,
877 1523 1065 1596 beatissime
1099 1526 1218 1612 Pater,
1241 1522 1351 1595 habeo
1381 1519 1520 1621 gratiam
1546 1522 1729 1595 maximam

457 1617 632 1692 Sandlitatr
649 1619 791 1706 vestrae,
813 1634 888 1690 tum
907 1619 1002 1714 quod
1023 1619 1143 1690 Dnum
1156 1617 1391 1689 Caracciolum
1409 1616 1533 1689 miserit
1545 1616 1729 1706 nuncium,

458 1732 499 1785 ut
510 1711 648 1783 videtur
665 1714 825 1785 idoneum
844 1714 880 1785 bt
898 1711 1084 1786 utilem-Sti
1103 1711 1255 1797 Vestrae,
1279 1712 1379 1808 cujus
1389 1710 1548 1806 equidem
1562 1712 1727 1785 honorem

462 1807 733 1880 &commodum
752 1805 879 1901 respexi
896 1807 930 1878 in
947 1830 989 1878 eo
1009 1809 1217 1903 expetendo,
1239 1824 1331 1894 tum,
1354 1805 1449 1900 quod
1467 1828 1601 1878 auream
1620 1804 1728 1877 rosam

463 1898 530 1971 hoc
548 1899 620 1988 est,
639 1900 773 1973 solenne
795 1902 973 1973 munus&
990 1902 1104 1974 animo
1121 1925 1199 1974 meo
1214 1901 1316 1999 longe
1332 1899 1485 1971 omnium
1503 1899 1728 1997 gratissimum

460 1994 649 2082 donaverit,
669 2019 817 2091 quaeres
838 2019 930 2069 novo
950 1996 1093 2069 viuculo
1106 2020 1221 2068 meum
1234 1994 1437 2091 obsequium
1453 1995 1585 2068 Vestrae
1599 1993 1730 2068 Saneti.

461 2088 519 2162 tati
532 2089 710 2178 astrinxit,
732 2112 771 2163 ut
783 2091 844 2186 qui
858 2091 989 2186 pridem
1008 2092 1059 2166 fui
1075 2089 1365 2192 diligentissimus,
1387 2086 1493 2161 modo
1514 2089 1576 2162 sun
1588 2090 1727 2161 futurus

460 2182 575 2256 multo
591 2183 785 2291 diligentior
801 2187 842 2257 ad
859 2184 1059 2261 obedientiae
1077 2185 1198 2260 officia.
1246 2187 1342 2258 Nam
1361 2181 1522 2257 hassones
1534 2182 1614 2258 licet
1628 2181 1734 2256 in'us·

463 2277 542 2363 sus,
566 2274 671 2349 debiti
693 2298 803 2350 tamen
825 2303 956 2352 memor
981 2304 1102 2379 magna
1124 2279 1296 2354 sedulitate
1323 2277 1496 2367 laboravi,
1531 2301 1601 2352 non
1621 2277 1657 2350 so
1672 2301 1733 2359 um

462 2370 614 2473 Hutteni
626 2369 756 2443 libellos
767 2371 949 2473 flagitiosos
959 2372 1145 2447 aufertede
1160 2372 1315 2446 manibus
1328 2369 1496 2449 lestorum
1512 2425 1524 2461 ,
1544 2373 1604 2469 qui
1617 2371 1735 2467 publi·

460 2483 647 2551 carrerant,
673 2466 869 2562 priusquam
884 2468 958 2563 ejus
973 2467 1021 2539 rei
1039 2467 1092 2540 vel
1112 2465 1222 2538 tenuis
1235 2464 1429 2560 sulpicioad
1442 2487 1498 2536 me
1509 2467 1651 2553 veniret,
1677 2465 1733 2539 sed

463 2557 563 2632 etiam
583 2557 841 2635 seditiosissimos
858 2560 988 2635 surores
1002 2559 1161 2636 Lutherii
1174 2557 1360 2632 etiamnum
1375 2556 1606 2633 subnascentes
1617 2561 1736 2654 oppri·
1869 2627 1871 2631 .

464 2677 557 2727 mere
575 2654 711 2746 studui,
737 2657 773 2730 &
792 2657 825 2728 in
839 2657 904 2729 hoc
921 2654 1164 2731 commonefeci
1187 2654 1337 2752 primum
1354 2671 1521 2749 quantum
1544 2652 1612 2728 scio
1629 2656 1664 2727 S.
1687 2654 1736 2736 V.

452 2748 526 2842 qui
549 2774 640 2822 nunc
668 2752 754 2845 proh
776 2750 899 2847 dolor2
934 2752 1117 2826 vastissimo
1138 2750 1290 2850 quodam
1308 2747 1464 2822 incendio
1480 2748 1734 2847 propemodum

467 2844 656 2917 universam
669 2847 889 2919 Germaniam
901 2849 1151 2947 corripuerunt.
1280 2907 1282 2914 .

513 2938 688 3032 Equidem
708 2952 795 3013 vero
815 2942 898 3015 nihil
925 2967 998 3016 non
1022 2943 1171 3031 tentavi,
1199 2942 1295 3040 quod
1314 2966 1359 3016 ex
1375 2937 1519 3019 confilio
1531 2887 1737 3038 Theologu·
1845 3028 1848 3032 7
1928 2927 1931 2934 ⁴

464 3054 543 3105 rum
559 3035 595 3106 &
609 3034 910 3132 Jurisprudentum
922 3062 1114 3134 acceperam
1131 3036 1176 3111 ad
1191 3050 1263 3110 rem
1282 3036 1355 3110 sore
1365 3028 1593 3109 conducibile.
1642 3034 1738 3110 Pra-

466 3146 555 3202 terea
582 3128 766 3201 abalienavi
789 3128 808 3201 a
829 3158 883 3204 me
904 3157 1132 3231 quoscunque
1155 3130 1334 3204 olsecetam
1357 3129 1556 3206 aballtssaws
1583 3127 1738 3201 diffidis)

466 3222 537 3296 Stis
548 3222 611 3301 V..
637 3225 732 3320 quod
746 3223 858 3299 videre
876 3228 924 3299 est
945 3228 979 3299 in
992 3232 1128 3301 etrrcho
1149 3234 1311 3314 Hutteno,
1332 3221 1739 3321 nupercariffimomthi‚

470 3338 573 3409 quem
593 3316 763 3391 famulitio
779 3343 857 3392 mco
879 3322 985 3395 statim
1004 3321 1156 3409 exclusi,
1176 3320 1355 3416 postquam
1375 3342 1467 3391 eram
1485 3317 1609 3391 certior·
1626 3314 1742 3390 fastus

456 3410 510 3480 ¹de
529 3410 643 3485 libello
660 3438 763 3509 quem
790 3415 916 3509 scripsit
933 3416 967 3488 in
990 3418 1131 3487 Rmum
1145 3414 1359 3486 Cardinalem
1378 3413 1414 3483 S.
1431 3411 1535 3500 sixti,
1556 3410 1677 3486 deinde
1694 3433 1740 3482 ert

466 3502 754 3672 Magdeburgcnfi
781 3509 902 3582 diocesi
929 3509 1148 3610 Mogurttiam
1176 3506 1328 3579 reversus
1344 3506 1493 3605 cognovi
1511 3504 1734 3580 abominanda

470 3596 627 3699 quaedam
645 3626 663 3670 a
706 3607 823 3677 codem
847 3605 915 3677 illic
934 3604 1105 3699 publicata
1118 3599 1572 3693 &excuraacivequodam
1584 3600 1742 3697 Mogon-

468 3710 553 3763 trno.
605 3691 703 3765 Nihil
727 3701 824 3800 potui
849 3699 882 3770 in
908 3700 1102 3771 Huttcnum
1120 3709 1142 3786 ,ζ
1161 3698 1221 3795 qui
1246 3694 1278 3769 se
1300 3693 1528 3767 munitissimis
1549 3691 1683 3778 assibus
1702 3693 1741 3774 in

471 3786 567 3858 hunc
580 3807 690 3890 usque
701 3790 788 3862 diem
803 3793 953 3868 continet
968 3850 978 3881 ‚
1000 3795 1035 3867 ὃ(
1048 3790 1258 3865 sortisfimam
1271 3813 1408 3861 manum
1419 3788 1626 3895 equitumstt
1639 3786 1742 3862 audio

471 3903 678 3983 congregare
692 3886 797 3975 potest
812 3890 945 3981 quoties
955 3888 985 3961 ei
1000 3888 1148 3959 lubitum
1160 3883 1315 3973 est‚adeb
1325 3880 1743 3980 utmihrpropesotmida·
1771 3968 1773 3971 Α

457 3974 554 4052 ¹bilis
571 3974 623 4048 lit.
676 3976 744 4077 Egi
767 3981 862 4075 quod
880 4006 932 4058 res
955 3982 1070 4149 tulit¹⁹3
1087 3980 1209 4054 omiffo
1233 3981 1419 4071 Hutteno,
1450 3976 1549 4075 cujus
1572 3973 1749 4144 60ρίαῶῑὲ
