4442 5150
451 677 623 779 paulisper
639 675 893 765 continuimus,
913 675 1028 772 quoad
1046 667 1148 782 super
1166 676 1369 752 certioribus
1384 677 1530 753 consiliis
1545 681 1721 780 dispicere:
1804 744 1813 764 .

453 799 543 848 mus.
592 779 625 849 A
642 774 796 848 Consilio
814 774 918 870 igitur
938 769 1057 868 agendi
1067 771 1159 867 apud
1175 780 1335 845 Senatum
1356 771 1548 846 facultatem
1565 777 1722 875 impetro.

454 870 625 943 Statuitur
648 870 718 941 dies
740 865 898 940 sabbathi.
948 868 1075 938 interca
1104 888 1184 938 eece
1214 889 1312 937 nova·
1335 867 1508 964 tragoedia.
1557 870 1722 966 Capitulo

454 987 535 1131 ts?
548 957 1248 1159 ,iilltlslsslllnlilsffbafflm
1262 961 1441 1129 {illis
1461 962 1721 1161 llsslsll

458 1175 549 1247 opus
572 1152 661 1256 suit,
685 1174 726 1254 ne
747 1151 832 1243 quid
854 1078 941 1250 binc,
956 1147 1175 1252 incommodi.
1226 1147 1336 1219 Porro
1354 1149 1484 1255 Comes
1496 1164 1540 1223 de
1557 1151 1720 1260 Lpnigcn

458 1244 609 1318 crudelia
634 1267 740 1342 magis
769 1259 981 1330 commovit,
1009 1241 1064 1315 sed
1091 1241 1258 1331 aliunde,
1292 1264 1332 1318 ut
1366 1247 1528 1336 videtur,
1555 1270 1720 1324 incitatus.

460 1337 556 1413 Nam
571 1359 610 1412 ut
627 1362 716 1411 cram
728 1338 825 1410 eausa
840 1334 1061 1408 conficiendae
1073 1336 1387 1433 componendasque
1403 1337 1470 1411 litis
1485 1339 1526 1411 ad
1551 1339 1647 1413 illurn
1661 1346 1720 1416 ad·

362 1475 363 1478 =
460 1434 662 1519 mandatus,
685 1432 740 1503 die
756 1431 853 1534 „lovis
874 1430 945 1526 ejus
972 1426 1190 1524 septimanas,
1216 1429 1344 1522 placide
1373 1430 1447 1505 finis
1468 1432 1659 1527 respondit,
1682 1439 1721 1514 δι

460 1525 894 1693 slmslllxlll‘ldl
922 1522 1131 1689 poiiiiii
1149 1524 1721 1700 lilllclslltll‘lsllls

460 1716 587 1787 aedium
605 1735 685 1784 cum
710 1731 832 1806 nepotc
850 1642 973 1812 btgtota
996 1709 1120 1782 familia
1135 1709 1366 1805 aspectante,
1387 1677 1721 1792 infandis’contume·

459 1805 515 1879 liis
528 1807 670 1903 petitum
688 1807 723 1878 ὅ(
743 1803 947 1875 clamoribus
965 1802 1096 1876 suriolis
1111 1807 1279 1879 audiendo
1295 1807 1512 1904 defatigatum
1532 1807 1721 1887 interficere

460 1900 643 2005 admolitur
654 1899 718 1986 est,
734 1897 872 2003 'nemine
882 1896 1036 2003 omniurn
1051 1897 1267 2006 prohibente,
1288 1904 1402 1996 quoad
1414 1925 1468 1974 me
1480 1901 1576 1975 Deus
1585 1905 1720 2012 tandem

460 1993 858 2161 {inuisibilis
866 1990 1108 2190 loliiii‘vi‘,
1126 1993 1722 2195 lltlrlillalllllgii‘lllli

460 2185 656 2256 recordatus
679 2183 848 2256 incudem
870 2180 1039 2268 articulo,
1061 2205 1178 2253 omnes
1193 2204 1311 2275 capitis
1329 2186 1395 2256 mei
1412 2184 1550 2282 capillos
1567 2209 1738 2258 numera·-

458 2294 538 2363 tos,
558 2275 714 2346 casurum
732 2295 792 2345 aut
811 2274 1014 2357 evasurum,
1039 2294 1076 2344 ut
1094 2274 1179 2367 patri
1196 2278 1306 2348 visum
1328 2278 1406 2351 esset
1427 2305 1436 2352 :
1465 2280 1526 2372 qui
1547 2276 1620 2351 filio
1637 2279 1737 2353 nihil·

460 2368 670 2440 incommodi
688 2366 784 2454 velit,
805 2386 1030 2457 nequequam
1046 2367 1146 2451 velit,
1169 2369 1217 2438 illi
1232 2369 1516 2466 poffequicquatn
1535 2372 1725 2445 incommo-

460 2462 541 2534 dius
558 2460 717 2533 accidere.
766 2456 955 2553 Appetebat
977 2454 1181 2545 Sabbatum,
1204 2484 1322 2558 magna
1336 2461 1485 2535 libertate
1495 2485 1561 2564 ago
1571 2488 1650 2536 cum
1664 2468 1725 2540 Sc·

462 2578 567 2645 natu,
589 2552 719 2654 rejediis
742 2549 1007 2624 adversariorum
1029 2555 1256 2651 argumentis,
1278 2578 1357 2650 quae
1372 2557 1539 2655 conjicere
1559 2558 1724 2653 oportuit·

369 2704 375 2717 .
462 2651 523 2725 Ma
550 2674 632 2723 num
646 2670 714 2721 crat
726 2649 880 2720 omnium
895 2644 1078 2735 silentium,
1100 2666 1139 2718 ut
1152 2644 1210 2736 fit,
1227 2649 1311 2721 dum
1324 2673 1471 2746 quisquc
1482 2649 1542 2722 sibi
1553 2650 1726 2748 deplorata

459 2674 667 2818 muiaeavct
730 2740 968 2814 Deliberatum
986 2739 1098 2834 itaque
1114 2749 1148 2812 in
1168 2741 1284 2815 horam
1298 2768 1404 2841 prope
1422 2750 1593 2839 quintam,
1615 2771 1727 2843 neque

463 2840 531 2912 fine
551 2839 628 2909 Deo
652 2836 889 2909 deliberarunt.
940 2834 1032 2906 Natu
1050 2834 1109 2929 qui
1129 2837 1256 2911 nudius
1274 2860 1414 2933 quartus
1430 2836 1726 2913 Parucbiamcab.

458 2933 678 3020 dicarant‚illi
692 2931 790 3002 iidem
805 2931 928 3001 iterum
939 2927 1119 3017 addicunt,
1138 2932 1179 3002 ad
1191 2932 1331 3005 natalem
1344 2957 1454 3028 usque
1468 2934 1624 3019 lobannis
1640 2936 1727 3031 Bap-

464 3029 576 3100 tillae:
602 3047 678 3097 nam
697 3030 791 3096 aliter
804 3024 886 3094 mibi
904 3019 1211 3099 addidauonerat.
1252 3026 1418 3099 Praetcrcr
1430 3049 1633 3100 convenerat
1644 3052 1725 3101 cum
1828 3022 1833 3030 ’

462 3122 639 3194 Paroehiis
658 3118 820 3191 omnibus
846 3114 1040 3189 Christiane
1064 3117 1298 3211 providendis.
1346 3122 1427 3192 Nec
1450 3141 1560 3192 tamen
1578 3121 1728 3211 interim,

463 3219 549 3287 dum
563 3215 728 3310 parochiis
743 3212 838 3306 potiti
853 3208 986 3299 sumus,
1009 3208 1147 3284 eludas
1160 3214 1293 3301 sumus,
1317 3234 1356 3286 ut
1371 3214 1473 3285 libere
1482 3216 1526 3287 ab
1534 3213 1728 3287 adversariis

463 3309 642 3380 Christum
676 3309 780 3381 lieentl
802 3304 937 3377 asserere
1005 3306 1095 3375 Mira
1117 3308 1283 3378 mutatio:
1310 3305 1517 3396 Curtisanis,
1544 3309 1606 3401 qui
1626 3306 1729 3380 missis

465 3404 618 3499 undique
632 3402 734 3473 literis
745 3421 807 3470 nos
818 3398 924 3492 pridie
933 3399 1094 3492 expulsos
1104 3400 1238 3495 gloriati
1255 3402 1347 3487 sunt,
1359 3402 1477 3473 vultus
1488 3425 1730 3476 moerorecon·

465 3496 573 3566 cidit:
614 3498 680 3566 Piis
696 3518 739 3567 ex
757 3490 1101 3587 dispensationemens
1114 3493 1236 3566 cresto.
1284 3494 1728 3568 Civium&Senatuscon·

465 3588 580 3663 cordia
601 3588 710 3674 sadla,
732 3611 811 3682 quae
833 3606 943 3657 tarnen
960 3607 1074 3657 revera
1090 3608 1153 3659 noc
1168 3589 1252 3659 dum
1271 3586 1392 3660 diffusa
1415 3587 1534 3660 fuerat.
1585 3590 1729 3683 Propter

464 3684 853 3754 excommunicationem
872 3676 1031 3774 Episcopi
1048 3702 1150 3753 nemo
1161 3680 1488 3769 sacrificulus,nulla
1501 3681 1622 3754 mulier
1634 3707 1730 3757 com.

469 3798 560 3847 mota
571 3774 643 3846 e'st:
667 3798 733 3845 tam
747 3785 926 3845 commode
942 3774 1065 3846 cecidit
1074 3775 1268 3871 appellatio.
1317 3776 1457 3848 Senatus
1467 3776 1537 3872 agit
1555 3776 1652 3850 causa
1663 3779 1729 3851 mei

466 3893 548 3942 curn
561 3868 716 3954 Comite,
741 3890 850 3962 neque
859 3866 951 3939 aliud
969 3889 1004 3938 ea
1033 3886 1165 3956 tamus,
1183 3891 1285 3963 quarn
1301 3889 1478 3966 utcunque
1491 3869 1654 3944 diluerem
1667 3872 1731 3946 ob·

465 3963 554 4061 jesia
569 3962 726 4037 crimina:
750 3963 865 4033 omitia
876 3958 960 4031 mihi
976 3890 1082 4127 striga,
1108 3959 1161 4035 scd
1174 3960 1324 4057 inquieta
1335 3962 1426 4056 satis,
1442 3964 1547 4038 ctiam
1560 3966 1636 4062 post
1651 3964 1729 4130 slata·

1078 4076 1102 4128 2
1675 4081 1729 4133 etu
