4442 5150
1199 413 1206 468 l

457 593 624 698 mm.
789 589 1433 703 annotant
1701 618 1774 712 m

454 781 482 828 „
502 728 649 804 tillimos
675 723 863 826 praedicati
884 721 949 796 fibi
968 724 1159 822 Evangelii
1178 723 1320 821 hostes,
1343 728 1518 806 nuncium
1536 731 1580 807 ad
1598 734 1769 817 Senatum

455 884 483 926 „
504 825 779 926 Friburgensem
791 823 1118 914 &Lucernanum,
1135 821 1292 896 secundi>
1306 849 1499 903 evocatum
1517 832 1620 928 illos,
1639 836 1770 933 quibua

456 980 483 1024 „
531 945 638 999 raeter
663 924 834 996 summam
860 922 1108 1015 securitatem,
1142 922 1250 995 etiam
1276 921 1436 1020 sumptus
1455 931 1715 1027 promiserunt,
1743 934 1771 1012 fi

458 1078 485 1120 ‚,
503 952 601 1097 sorte
626 1023 707 1095 illos
732 1019 841 1094 essent
867 1017 1068 1092 caussaturi.
1112 1018 1197 1092 Nos
1223 1042 1368 1116 quoque
1393 1024 1521 1098 eodem
1547 1033 1682 1108 nuncio
1700 1033 1772 1111 itlir

456 1176 483 1220 „
502 1119 771 1218 scripseramus,
805 1117 992 1211 modisque
1010 1115 1202 1211 omnibus,
1225 1138 1267 1190 ut
1284 1119 1514 1215 advenirent,
1540 1123 1770 1225 flagitavera-

455 1277 483 1319 „
502 1244 593 1293 mus.
636 1218 868 1290 Lucernanus
893 1210 983 1289 verd
1009 1216 1158 1288 Senatus
1183 1213 1423 1313 rescripserat:
1459 1223 1662 1299 Murrerunr
1687 1230 1771 1326 qui-

454 1373 482 1416 „
502 1320 583 1391 dem
603 1337 765 1412 paratum
785 1311 907 1406 fuisse,
933 1333 974 1384 ut
992 1314 1153 1405 veniret,
1177 1311 1235 1385 sed
1253 1313 1286 1385 se
1303 1314 1524 1411 prohibuisse
1540 1343 1643 1395 eum:
1671 1326 1768 1403 idem

455 1472 483 1515 ,‚
503 1415 687 1514 respondit
712 1413 906 1486 Murnerus
923 1409 1040 1483 nobis.
1082 1405 1259 1508 Tregarius
1275 1431 1394 1486 autem
1412 1414 1578 1511 advenit,
1604 1421 1769 1496 tandem·

454 1570 481 1612 ‚‚
503 1538 574 1613 que
621 1511 763 1584 rodiens
781 1506 951 1607 praefatus
970 1506 1062 1600 fuit,
1080 1508 1247 1605 seneque
1265 1509 1438 1608 Episcopi
1456 1536 1571 1615 neque
1582 1518 1768 1618 magistra·

455 1631 560 1711 „tus
585 1538 637 1684 siri
660 1609 828 1698 nomine,
854 1606 911 1680 sed
930 1603 992 1677 suo
1010 1602 1296 1701 disputaturum,
1322 1609 1507 1706 velleque,
1533 1634 1575 1685 ut
1594 1617 1770 1714 quicquid

456 1764 485 1806 ‚,
503 1708 722 1802 disputaret,
749 1704 955 1779 Catholicae
982 1701 1159 1775 Ecclefiae
1185 1702 1257 1775 suae
1283 1728 1503 1804 nequaquam
1528 1708 1644 1786 fraudi
1670 1714 1768 1793 esset.

453 1862 483 1904 „
503 1805 600 1900 Quae
628 1802 716 1879 vero
744 1799 957 1900 disputando
984 1799 1159 1893 adduxit,
1188 1803 1309 1872 omnia
1327 1804 1398 1876 ltuc
1417 1807 1546 1898 torsit,
1569 1829 1610 1883 ut
1628 1812 1768 1908 persua·

455 1959 482 2003 „
500 1904 620 1996 deret,
638 1928 713 1976 non
728 1898 1041 1990 esseBernatium,
1061 1899 1253 1997 quicquam
1267 1899 1312 1972 de
1325 1902 1520 2000 religione,
1540 1907 1769 2008 &dogmatis

453 2053 481 2101 ,‚
499 2001 543 2075 ab
562 2001 725 2076 Ecclesia
741 2000 897 2096 receptis
917 1996 1090 2088 statuere,
1109 1995 1167 2071 sed
1187 1999 1440 2074 Conciliorum
1460 2003 1620 2100 responsa
1634 2006 1717 2105 ipsis
1729 2011 1767 2085 dc

451 2155 479 2198 „
496 2100 666 2174 omnibus
683 2097 915 2194 expectanda.
943 2093 986 2168 ld
995 2113 1112 2167 autem
1122 2114 1343 2193 nequaquam
1354 2101 1462 2174 certis
1473 2102 1690 2200 Scripturis,
1711 2114 1769 2201 (ut

451 2253 479 2297 „
497 2199 573 2271 aeta
591 2197 809 2287 testantur,l
828 2193 886 2267 sed
900 2215 1003 2266 exeo
1016 2211 1168 2267 conatus
1182 2193 1252 2267 suit
1266 2195 1439 2292 probare,
1459 2197 1559 2295 quod
1570 2202 1770 2302 Evangelia

451 2348 478 2395 „
497 2296 607 2372 essent
620 2295 765 2394 judicio
784 2289 959 2366 Ecclefiae
979 2309 1147 2387 recepta,
1173 2312 1218 2362 ex
1239 2314 1312 2388 quo
1331 2295 1474 2368 volebat
1484 2297 1673 2396 consequi,
1693 2302 1769 2384 ch

452 2395 640 2492 „cleliam
660 2416 767 2463 unam
782 2390 890 2481 fidei,
909 2390 1096 2486 omnisque
1107 2386 1457 2483 doetrinaeJudicem
1467 2393 1534 2466 effe
1544 2399 1768 2477 audiendam.
1785 2470 1793 2486 ,
1858 2397 1860 2400 ’

452 2547 480 2590 „
502 2488 676 2563 Ecclesiae
696 2506 814 2559 autem
833 2484 1462 2587 nomineConcilium-intelligebat:
1482 2513 1768 2578 caeterosomner

452 2645 480 2687 ‚,
498 2584 859 2686 ajebatpolleerrare,
871 2586 1023 2682 ideoque
1033 2581 1207 2657 doslrinae
1217 2586 1403 2659 arbitrium
1415 2590 1521 2664 nullis
1530 2594 1606 2667 aliis
1616 2599 1767 2691 permit·

454 2743 481 2785 „
501 2667 663 2760 tenddm.
696 2686 797 2758 Tum
817 2684 1037 2775 adducebat,
1065 2679 1164 2781 quod
1184 2684 1314 2756 Boemi
1333 2688 1370 2758 in
1386 2687 1515 2761 multas
1532 2690 1643 2764 essent
1661 2692 1768 2770 sectae

453 2842 481 2884 ‚‚
501 2781 609 2877 sciffi,
627 2786 664 2857 δε
679 2781 779 2881 quod
797 2783 902 2857 nobis
921 2785 957 2855 in
967 2783 1180 2881 quibusdam
1191 2806 1275 2856 cum
1287 2783 1452 2857 Luthero
1463 2810 1534 2858 non
1545 2794 1768 2866 conveniret.

454 2939 481 2983 „
501 2883 1003 2971 Haechominiscommenta,
1022 2882 1767 2982 &antennotanobis,facilefuitrejiccre,

452 3038 479 3082 ,‚
499 2979 584 3055 ciam
612 2980 693 3053 satis
712 2981 779 3075 piis
799 2980 962 3073 constet,
985 2976 1120 3076 justum
1137 2978 1220 3075 sud,
1245 3003 1320 3054 non
1339 2982 1593 3058 Conciliorum
1612 2987 1650 3060 ὃ(
1669 2987 1767 3062 Pon·

452 3091 479 3180 ‚‘,
500 3080 643 3153 tilicum
664 3078 736 3151 fide
754 3081 896 3173 vivere,
922 3101 1037 3175 eoque
1055 3098 1224 3175 oportere
1240 3103 1313 3153 non
1331 3076 1446 3154 solitm
1468 3081 1620 3183 singulas
1636 3086 1769 3162 Eccle-

452 3237 479 3281 „
501 3179 585 3273 fias,
617 3178 674 3252 sed
694 3177 851 3275 singulos
870 3200 1015 3272 quoque
1033 3177 1198 3251 homines
1216 3177 1331 3276 perse
1349 3178 1458 3273 scire,
1485 3208 1568 3280 quac
1588 3184 1689 3255 Deus
1702 3185 1767 3281 ju·

452 3336 480 3378 „
498 3278 603 3368 beat,
639 3300 793 3374 quaeque
821 3274 1032 3368 promittat,
1066 3277 1264 3370 praesertim
1289 3300 1330 3351 ut
1348 3280 1405 3352 vel
1424 3280 1503 3353 ltaec
1521 3279 1767 3377 cognoscant,

454 3431 480 3471 „
501 3374 521 3445 al
539 3376 687 3447 Christo
708 3373 773 3446 libi
793 3374 913 3443 omnia
929 3368 1170 3465 expectanda,
1197 3399 1376 3471 omneque
1393 3378 1535 3471 pietatis
1555 3377 1709 3453 studium
1728 3378 1767 3452 iu

454 3526 481 3568 „
500 3470 870 3568 dilectioneproximi
891 3468 1187 3541 consumendum.
1228 3470 1306 3562 Jam
1327 3495 1437 3567 quum
1457 3476 1511 3543 his
1526 3495 1572 3542 ex
1591 3472 1766 3550 diametro

454 3623 480 3666 rr
501 3587 664 3663 pugnent
681 3569 899 3668 dogmata&
915 3566 1077 3639 instituta
1094 3566 1378 3639 Romdnenfium
1398 3566 1558 3639 universa
1576 3569 1683 3667 idque
1692 3592 1766 3646 tam
1887 3571 1891 3591 ¹

451 3721 479 3765 ‚‚
499 3664 642 3756 aperte,
678 3671 735 3755 (ut
760 3670 818 3739 vel
843 3691 954 3763 puero
974 3666 1129 3761 liqueat,
1155 3661 1265 3738 sacras
1283 3662 1424 3737 tantum
1445 3658 1563 3739 literas
1580 3666 1763 3766 legenti:)

455 3820 482 3866 ‚‚
503 3763 601 3856 Quae
630 3765 723 3833 ratio
751 3763 794 3837 sit
820 3769 855 3838 in
883 3766 936 3839 his
964 3762 1127 3838 consulta
1151 3761 1341 3860 expediere
1366 3765 1646 3864 Conciliorum,
1682 3792 1765 3868 quae
1836 3827 1839 3836 .

453 3919 481 3962 „
501 3882 573 3936 tam
599 3855 679 3931 rard
698 3861 855 3955 coeunt,
875 3863 1108 3960 &ejusmodi
1123 3863 1199 3959 jam
1220 3862 1357 3958 aliquot
1375 3861 1698 3960 seculiseoierunt,
1724 3887 1766 3941 ut

454 4019 482 4063 ‚‚
503 3958 622 4035 minus
651 3956 808 4031 insanum
837 3961 879 4034 lit
908 3958 928 4033 ὲ
951 3961 1097 4056 pumice
1114 3983 1264 4057 aquam,
1291 3958 1398 4054 qudm
1415 3963 1458 4034 ab
1478 3962 1546 4036 illis
1564 3963 1764 4038 doctrinam

453 4083 621 4161 „petere
647 4056 802 4152 pietatis.
844 4055 966 4129 Passim
992 4056 1132 4129 exstant
1160 4058 1383 4154 Scripturue,
1418 4084 1533 4157 neque
1559 4064 1684 4135 desunt
1701 4064 1764 4159 qui

455 4213 483 4255 „
499 4187 554 4239 eas
572 4156 727 4233 fideliter
745 4155 890 4253 populis
904 4175 1128 4326 proponapt:
1149 4154 1350 4253 reliquum,
1367 4178 1409 4234 ut
1419 4158 1493 4235 fide
1504 4162 1765 4260 percipiantur,

458 4277 464 4285 ·
1104 4274 1177 4350 yz
1650 4280 1768 4353 „nou

1068 4576 1105 4608 s
