4442 5150
462 655 630 747 ΛΑΜ.
794 649 834 724 R
881 646 916 722 E
963 646 1006 722 N
1055 649 1094 723 O
1142 647 1181 724 V
1230 652 1263 728 A
1312 654 1351 729 T
1400 658 1431 732 1.
1698 685 1769 764 335

461 779 634 857 indefeffo
660 778 763 851 cultu
790 777 947 852 celebret
972 775 1158 876 posteritas
1181 779 1252 872 (a):
1290 783 1467 859 Admirati
1494 785 1580 863 vero
1603 787 1681 865 sunt
1700 795 1765 865 ho·

441 882 568 954 'minis
588 880 782 976 pietatem,
808 878 869 973 qui
888 876 931 948 ad
950 893 1030 947 eum
1049 897 1284 971 {egrotantem
1304 905 1345 952 ac
1363 883 1545 979 supremos
1563 886 1675 961 ferme
1694 889 1764 986 spi·

458 981 549 1052 ritus
577 976 777 1048 trahentem
805 973 1039 1063 accesserant,
1071 975 1240 1047 Proceres
1267 978 1495 1071 Biennenses,
1531 983 1602 1056 His
1622 989 1765 1060 enimit

459 1072 669 1172 graviffimis
685 1071 801 1144 verbis
814 1072 868 1165 (b)
884 1072 959 1156 hoc
979 1070 1121 1164 pietatis
1138 1072 1175 1142 in
1194 1073 1316 1155 Deum
1335 1077 1578 1151 testimonium
1598 1084 1765 1180 reliquit',

458 1171 631 1263 testatus,
683 1220 709 1259 ,‚
736 1167 770 1240 se
804 1191 908 1263 quam
933 1154 1060 1238 beata?
1074 1166 1250 1262 analyseos
1277 1173 1363 1243 hora
1387 1173 1529 1246 instaret
1553 1182 1763 1273 pervidere,

457 1291 682 1367 „quamque
702 1265 801 1357 brevi
821 1268 992 1337 rationem
1012 1261 1243 1337 administrati
1260 1265 1281 1337 ὲ
1298 1267 1332 1340 se
1349 1268 1462 1342 officii
1482 1273 1565 1345 Deo
1586 1273 1627 1346 fit
1646 1277 1762 1349 reddi·

374 1392 377 1397 ’
457 1394 487 1462 3,
504 1375 628 1440 turus:
657 1359 886 1456 Atqueadeo
905 1357 1023 1433 denuo
1043 1359 1076 1431 se
1095 1365 1283 1460 conceptis
1300 1366 1417 1440 verbis
1434 1365 1629 1464 affirmare,
1655 1397 1762 1470 quam

456 1515 486 1560 ‚,
504 1484 639 1560 praeter
665 1461 849 1532 veritatem
876 1480 999 1552 puram
1025 1458 1172 1530 eandem
1199 1480 1305 1555 atque
1322 1463 1478 1536 divinam
1496 1465 1562 1540 suis
1582 1468 1762 1544 inculcare

456 1609 484 1656 ,‚
502 1562 553 1633 uil
572 1561 764 1656 quicquam
783 1555 1008 1638 sustinuerim
1035 1552 1226 1656 admonere
1244 1581 1353 1652 porro
1369 1563 1535 1656 eosdem,
1554 1585 1595 1636 ut
1613 1566 1649 1638 in
1667 1569 1761 1640 veri·

456 1710 485 1752 „
504 1675 578 1730 tate
603 1656 707 1728 semel
733 1674 876 1750 recepta
895 1648 1099 1746 perfistant,
1124 1675 1239 1749 neque
1254 1653 1287 1727 se
1304 1655 1348 1727 ab
1366 1682 1406 1729 ea
1423 1661 1497 1732 ullo
1516 1661 1625 1734 modo
1642 1662 1762 1737 seduci

455 1806 484 1848 „
502 1755 703 1848 patiantur,
740 1750 805 1822 fibi
831 1750 967 1821 nullum
995 1746 1062 1818 esse
1087 1749 1259 1842 dubium,
1290 1753 1299 1821 i
1330 1752 1453 1850 sosque
1478 1755 1546 1830 effe
1564 1757 1661 1854 posse
1678 1785 1760 1858 per·

458 1903 486 1944 ‚,
504 1847 726 1937 summram,
754 1846 850 1943 quod
869 1848 979 1918 vitam
998 1864 1166 1918 {eternam
1186 1849 1222 1917 in
1239 1873 1279 1921 eo
1299 1776 1366 1922 got
1384 1852 1576 1927 inventuri.
1594 1908 1621 1947 ‚,

504 1947 574 2022 Sed
594 1945 850 2019 abstulitidem
870 1966 979 2016 annus
997 1944 1185 2038 egregium
1205 1968 1348 2041 quoque
1368 1947 1497 2022 Virum
1518 1954 1706 2026 Conradunt
1722 1956 1762 2029 de

455 2042 869 2133 RECHENBERG,
913 2036 1092 2112 Abbatem
1121 2039 1402 2137 Einfidlensem‚
1437 2067 1544 2144 atque
1568 2048 1763 2124 Reforma-

453 2145 546 2216 tioni
565 2139 858 2228 addifflffimum,
877 2160 1035 2232 quocum
1056 2136 1144 2209 illud
1155 2138 1415 2214 Monastetium
1427 2145 1539 2217 veluti
1549 2145 1760 2244 exspiravit,

454 2240 568 2313 veluti
583 2242 660 2337 ejus
678 2260 821 2335 quoque
839 2233 1049 2306 auetoritate
1068 2235 1104 2307 &
1124 2257 1209 2306 cura
1225 2239 1319 2331 apud
1332 2239 1554 2314 Einfidlanos
1569 2243 1762 2342 profligata

451 2358 526 2411 etat
543 2339 658 2410 omnis
676 2336 876 2430 disciplinae
896 2327 1101 2403 mouasticae
1119 2330 1321 2426 superstitio
1332 2337 1407 2427 (c):
1434 2337 1557 2432 Hujus
1568 2363 1650 2412 cum
1662 2342 1761 2414 Leo·

452 2457 498 2507 ne
517 2434 624 2527 Judae
643 2452 749 2526 atque
767 2454 848 2500 cum
869 2430 1012 2526 reliquis
1029 2427 1346 2502 Reformatoribus
1364 2432 1563 2506 celebratur
1579 2433 1761 2511 familiari·

454 2549 527 2623 tas,
553 2549 662 2625 atque
677 2527 942 2623 apophtegma‚
970 2525 1039 2598 rive
1057 2522 1192 2598 dietum
1213 2528 1443 2603 memorabile
1462 2531 1561 2627 quod
1579 2534 1615 2606 in
1633 2539 1761 2610 convi-

365 2624 369 2631 ’
454 2628 520 2699 viis
539 2625 726 2720 aliquoties
745 2625 920 2722 repetiiffe
938 2624 1091 2716 dicitur,
1125 2674 1153 2713 „
1173 2621 1286 2697 senec
1304 2648 1418 2700 amore
1435 2628 1479 2701 de
1496 2632 1669 2728 religione
1688 2634 1759 2710 dis·

453 2775 481 2818 ‚‚
500 2744 702 2819 putattones
721 2721 978 2811 contentiosas,
1005 2744 1070 2793 nec
1089 2724 1281 2818 quicquam
1300 2723 1418 2817 aliud,
1444 2726 1480 2798 in
1497 2747 1656 2801 extrema
1673 2732 1761 2806 hora
1897 2745 1899 2749 “

451 2824 519 2917 „31
549 2822 631 2894 Deo
659 2819 722 2892 sibi
749 2840 916 2915 expetere
940 2843 1044 2914 quam
1062 2819 1172 2914 illud:
1209 2818 1381 2895 Miserere
1399 2824 1491 2915 mei,
1517 2825 1681 2918 oDeus,
1706 2827 1760 2901 se·

450 2969 477 3012 ,‚
497 2919 654 2994 cundum
674 2940 837 3015 magnam
858 2915 1132 2989 misericordiam
1152 2937 1263 2989 tuam.
1303 2919 1352 2993 Et
1363 2954 1376 3007 3
1406 2921 1586 3015 Domine,
1611 2928 1758 2997 nonin·

451 3070 479 3111 ‚,
497 3038 569 3092 tres
588 3018 622 3089 in
639 3017 822 3111 Judicium
843 3038 925 3087 cum
946 3014 1044 3087 servo
1062 3035 1127 3086 tuo
1140 3048 1199 3107 ·,·„
1228 3017 1322 3090 Eum
1339 3017 1430 3091 vero
1446 3017 1574 3093 omiffis
1592 3023 1759 3100 omnibus

451 3116 545 3213 apud
565 3114 778 3187 Pontificios
799 3116 1008 3209 ceteroquin
1027 3116 1253 3208 cerimoniis,
1274 3115 1482 3192 Christiane
1498 3140 1606 3217 atque
1623 3122 1659 3192 in
1677 3123 1759 3194 Do·

449 3215 549 3286 mino
568 3212 776 3286 defunetum
797 3209 864 3283 esse
882 3211 1024 3282 credere
1039 3212 1144 3305 jubet
1162 3215 1286 3306 pietas.
1306 3216 1361 3308 (d)

498 3310 529 3396 §.
549 3310 697 3384 CXIV.
726 3312 848 3403 Atque
876 3309 954 3378 haec
981 3308 1124 3401 quidem
1153 3308 1321 3383 haetenus
1347 3312 1391 3384 de
1417 3312 1604 3409 progreffu
1621 3312 1758 3385 Reforae

449 3409 616 3478 marionis
643 3409 678 3477 in
707 3405 877 3477 Helvetia
903 3402 983 3474 anni
1012 3403 1171 3473 vicefimi
1193 3404 1304 3477 sexti:
1342 3408 1512 3501 Sequenti
1530 3429 1648 3478 autem
1668 3433 1760 3483 anno

450 3524 537 3593 nott⁶
550 3525 622 3571 uno
640 3504 676 3571 in
696 3503 780 3574 loco
801 3498 1112 3574 tumultuabuntur
1131 3500 1397 3596 Anabaptistae:
1427 3506 1468 3573 In
1488 3502 1575 3573 urbe
1593 3504 1630 3575 &
1648 3504 1759 3577 ditio·
1863 3566 1865 3569 .

450 3622 496 3671 ne
514 3598 798 3671 TtGUttth
819 3599 977 3695 primarii
995 3618 1094 3670 etant
1113 3600 1209 3696 Felix
1225 3601 1409 3674 Mantzr'ttt
1421 3600 1456 3671 &
1468 3602 1625 3696 Georgius
1634 3603 1758 3679 Blato-

1661 3710 1760 3799 rock,

491 3878 541 3957 (a)
567 3871 666 3938 Cnnf.
694 3873 775 3954 Quae
800 3895 836 3940 ex
862 3874 1000 3960 Epistola
1024 3875 1139 3939 Leonis
1164 3873 1310 3957 JUDAE
1334 3876 1365 3940 itt
1389 3872 1613 3945 Wittenbachit
1631 3883 1758 3951 laudem

447 3963 514 4045 jam
531 3961 547 4023 ὲ
567 3958 651 4022 nobis
670 3956 738 4018 sunt
754 3960 845 4022 allata
861 3960 890 4023 in
907 3959 1024 4022 Introd.
1043 3960 1084 4019 ad
1098 3960 1180 4038 Hist.
1198 3958 1271 4037 Res.
1296 3958 1326 4039 ᾧ.
1346 3957 1477 4025 XLVI.
1502 3986 1530 4047 p.
1545 3982 1615 4045 too,
1638 3986 1707 4029 tot.

491 4047 542 4126 (b)
568 4038 815 4107 HOTTING.
834 4041 932 4104 Helv.
953 4042 1049 4104 K.G.
1066 4063 1103 4105 ex
1121 4041 1260 4123 Epistola
1277 4042 1490 4109 HALLERI
1508 4047 1759 4136 odZtvingliutn

453 4130 483 4192 d.
504 4145 553 4206 17.
573 4125 730 4191 Decemb.
751 4124 818 4185 data
840 4125 927 4187 conf.
946 4121 1155 4189 SCHEUR.
1175 4125 1240 4190 Vit.
1257 4126 1414 4195 Wittenb.
1431 4151 1461 4215 p.
1471 4132 1525 4212 62,
1541 4133 1593 4213 63.

493 4215 544 4289 (c)
570 4206 818 4275 HOTTING.
844 4208 942 4271 Helv.
967 4206 1008 4269 K.
1029 4208 1072 4272 G:
1096 4227 1126 4291 p.
1145 4225 1217 4290 341.

496 4294 531 4375 (d
534 4305 548 4373 )
572 4295 637 4360 vid.
657 4294 724 4361 Vit.
743 4289 862 4359 Leonis
880 4290 897 4372 J
902 4290 970 4355 udoe
986 4288 1016 4356 in
1032 4288 1211 4370 Miscellan.
1227 4289 1373 4385 figmine.
1389 4296 1436 4366 T.
1447 4298 1508 4367 111.
1519 4306 1556 4384 ἶ).
1568 4295 1620 4365 28.

1817 4139 1828 4183 i
