4442 5150
442 653 523 750 '184
638 640 1019 726 HISTORIA
1062 639 1504 718 EVANGELII
1586 644 1756 746 A.1527.

449 785 574 881 „ejus
600 779 728 874 fimus,
750 799 794 852 ut
812 778 884 876 ipse
902 775 1050 850 Christi.
1095 775 1153 847 Ex
1171 774 1245 844 vira
1263 775 1383 872 itaque
1398 773 1596 849 samiorum
1617 781 1759 875 patien-

451 887 584 975 „tiam
612 882 649 950 in
675 878 818 950 serenda
841 899 949 948 cruce
973 870 1131 961 Christi,
1157 870 1421 964 obedientiam,
1446 875 1663 968 charitacm‚
1688 879 1760 950 mi·

452 1029 482 1071 „
499 975 745 1064 sericordiam,
771 971 955 1068 inquibus
973 967 1157 1042 Christum
1177 968 1306 1039 imitati
1325 968 1406 1041 sunt
1423 968 1553 1063 sanat,
1570 971 1761 1069 discimus,

453 1123 482 1167 „
501 1074 539 1148 &
565 1071 631 1169 ipsi
658 1069 749 1142 nihil
772 1069 867 1141 aliud
896 1065 917 1138 ai
941 1067 1046 1139 nobis
1070 1063 1291 1154 desiderant,
1317 1088 1421 1158 quam
1440 1085 1481 1138 ut
1500 1068 1593 1141 idem
1606 1068 1761 1167 'praeste·
1807 1081 1827 1089 ''

439 1160 480 1263 '„
498 1194 589 1242 mus.
616 1170 822 1264 imputatur
838 1165 942 1236 nobis
958 1161 1121 1252 haercfis,
1143 1161 1279 1232 ratione
1296 1160 1461 1235 ciborum
1472 1196 1485 1251 5
1505 1162 1563 1236 sed
1582 1169 1762 1264 percipite

451 1316 481 1360 „
498 1265 768 1338 fundamentum
787 1262 968 1334 nostrum:
996 1258 1160 1332 Christus
1178 1279 1299 1328 omnes
1317 1258 1419 1332 cibos
1435 1261 1540 1333 nobis
1555 1263 1763 1340 moderatos

450 1414 481 1458 „
496 1388 538 1437 ac
565 1362 701 1435 sobrios
726 1358 814 1432 facit
841 1357 1008 1454 (Christus
1034 1357 1147 1428 morht
1172 1379 1233 1426 uns
1255 1359 1320 1427 alle
1335 1355 1440 1452 speise
1457 1380 1506 1428 ze
1515 1355 1760 1456 fassssisper'se)

451 1461 584 1554 „dum
610 1460 706 1532 Luc.
726 1456 839 1529 XXI.
874 1475 969 1527 vetat
996 1454 1135 1552 gravari
1154 1451 1264 1522 corda
1281 1453 1399 1524 nostra
1416 1476 1475 1527 cra
1501 1455 1570 1527 ulis
1588 1457 1627 1531 δι
1643 1459 1762 1531 ebrie,

452 1594 482 1652 ·‚,
501 1577 592 1630 tate:
627 1554 756 1629 Paulus
780 1551 1005 1673 sapientem
1031 1551 1169 1648 exigit,
1203 1549 1275 1619 hoc
1303 1548 1424 1644 itaquo
1444 1478 1499 1623 es
1514 1550 1761 1628 Christianum

453 1705 483 1749 „
498 1655 701 1752 jejunium,
737 1649 761 1722 si
780 1650 966 1722 moderato
985 1646 1069 1721 cibo
1087 1649 1125 1719 &
1144 1665 1235 1741 potu
1253 1663 1416 1739 utamur,
1444 1648 1482 1723 &
1499 1647 1571 1721 seru
1599 1675 1638 1722 er
1653 1649 1762 1725 sobrii

452 1801 482 1844 „
502 1750 626 1823 fimus:
663 1749 813 1844 repletio
839 1747 980 1835 omnis,
1023 1768 1092 1839 qua
1119 1767 1184 1814 cor
1208 1763 1398 1839 gravatur,
1433 1745 1496 1819 etsi
1520 1673 1676 1844 pisbibus
1700 1770 1764 1823 aut

451 1898 482 1941 „
498 1847 685 1920 vilioribus
709 1844 772 1916 fiat
798 1843 909 1935 cibis,
934 1841 1069 1915 Christi
1087 1860 1273 1936 praecepto
1293 1865 1482 1938 repugnat.
1520 1843 1634 1939 Quod
1653 1846 1764 1921 intrat

451 1995 481 2037 „
500 1945 536 2015 in
562 1969 627 2036 os,
661 1966 734 2013 non
759 1942 967 2036 coinquinat
993 1940 1186 2009 hominem.
1231 1936 1320 2011 Esca
1344 1964 1416 2010 non
1444 1942 1673 2014 commendat
1697 1966 1764 2018 nos

452 2091 481 2133 „
502 2041 597 2112 Deo.
638 2040 811 2134 Regnum
838 2037 910 2109 Dei
927 2061 1001 2108 non
1018 2035 1068 2107 est
1086 2034 1163 2108 esca
1182 2035 1218 2108 ἃ
1238 2055 1366 2132 potus:
1396 2038 1454 2109 Ex
1472 2037 1625 2134 piscium
1643 2039 1681 2115 &
1700 2063 1763 2136 pa·

453 2187 482 2231 „
502 2140 556 2209 nis
572 2135 630 2208 esu
648 2156 710 2208 aut
728 2132 938 2208 abstinentia
955 2157 1028 2205 non
1047 2133 1140 2205 fiunt
1159 2133 1367 2205 Christiani.
1405 2135 1672 2210 Prohibitioues
1689 2136 1764 2210 cibi

452 2253 483 2328 ‘„
504 2234 633 2307 Paulus
665 2234 794 2306 rTim.
815 2230 885 2303 lV.
919 2232 1048 2303 tribuit
1065 2229 1159 2303 salsis
1178 2228 1398 2304 dodioribus.
1441 2233 1516 2306 Eos
1534 2235 1655 2333 itaque
1672 2236 1765 2310 vita·

452 2381 481 2424 „
498 2355 596 2423 mus,
632 2354 745 2427 neque
772 2328 972 2402 scandalum
1000 2327 1226 2401 infirmorum
1253 2331 1405 2425 amplius
1432 2333 1646 2423 metuimus,
1679 2355 1766 2407 cum

452 2431 570 2526 „jam
599 2427 731 2525 septem
759 2448 819 2500 aut
843 2425 928 2500 odio
953 2430 1052 2500 annis
1076 2423 1292 2499 sufficienter
1318 2427 1500 2501 informati
1528 2427 1596 2502 fint
1620 2453 1765 2522 omnes,

454 2525 588 2622 „quid
615 2525 743 2617 liceat,
776 2545 837 2599 aut
862 2548 935 2597 nou
962 2526 1079 2598 liceat.
1097 2576 1125 2617 „
1169 2521 1265 2596 Haec
1284 2545 1367 2599 curu
1388 2551 1509 2600 coram
1529 2525 1765 2624 frequenti&

451 2622 637 2719 splendido
662 2623 867 2717 auditorio,
901 2624 936 2696 iu
961 2623 1070 2696 domo
1096 2645 1177 2715 quae
1204 2622 1285 2694 soro
1312 2624 1495 2719 adjacebat
1520 2646 1643 2721 aperta
1663 2627 1766 2698 locu·

452 2740 532 2814 tus,
560 2746 759 2821 magnaque
785 2747 868 2796 cum
891 2723 1088 2793 attentione
1107 2722 1144 2792 dt
1166 2718 1306 2792 srlenrio
1325 2723 1464 2795 auditus
1483 2722 1590 2815 esset,
1617 2721 1769 2795 surrexit

454 2820 683 2914 Monachus,
709 2821 878 2915 mitisque
892 2820 964 2910 jam
985 2816 1117 2907 factus,
1144 2837 1283 2888 mutato
1300 2816 1460 2890 sermone
1477 2820 1698 2911 Myconium
1716 2819 1768 2887 al·

456 2917 599 2989 locutus
618 2917 689 2988 est:
719 2919 829 2988 Chare
848 2916 1037 3005 friderice,
1058 2912 1203 3003 profesio
1220 2915 1359 2983 libenter
1375 2917 1445 2985 haec
1461 2916 1603 3001 audivi,
1628 2936 1685 2982 nec
1701 2916 1767 2986 ullo

454 3016 546 3087 mede
571 3012 799 3103 reprehendere
812 3011 998 3100 pessumum
1021 3014 1172 3101 placent,
1198 3007 1241 3086 &
1259 3015 1349 3078 reita
1360 3007 1440 3103 frent
1458 3013 1588 3097 emnia,
1614 3008 1656 3088 &
1674 3014 1768 3082 veri·

454 3112 539 3180 tatis
566 3109 686 3177 habent
704 3089 985 3196 fundamentim3
1013 3109 1047 3198 st
1073 3096 1143 3173 hec
1160 3104 1344 3195 predicar,
1368 3130 1485 3178 ueram
1504 3104 1769 3197 Christianorum

450 3203 615 3297 predicar
632 3200 749 3291 fidem.
801 3199 860 3271 Ad
888 3199 967 3269 haec
995 3200 1198 3287 Auaricus‚
1232 3200 1274 3270 ad
1303 3205 1518 3274 monachum
1546 3200 1579 3273 se
1604 3223 1768 3298 vertens,

457 3298 574 3372 dixit:
610 3298 678 3372 Sed
701 3313 762 3388 tu,
796 3298 874 3370 bene
895 3300 979 3369 vir!
1004 3298 1301 3392 hicestreumr'pse
1318 3301 1495 3389 verberas,
1522 3303 1768 3398 quaerentique

455 3395 656 3471 monacho:
690 3400 817 3468 cerrita
837 3395 1010 3468 Domine?
1035 3393 1237 3491 respondit:
1273 3449 1299 3489 „
1320 3397 1429 3491 ideo,
1464 3400 1546 3492 quia
1572 3399 1769 3471 antedice·

454 3547 482 3591 „
501 3494 582 3588 bas,
618 3495 714 3567 hunc
741 3491 965 3566 Fridericum
993 3490 1061 3565 esse
1087 3495 1321 3583 haereticum,
1349 3495 1385 3567 ἃ
1406 3517 1518 3567 torum
1539 3498 1614 3590 ejus
1633 3494 1767 3567 doetri-

455 3643 483 3688 „
501 3616 582 3664 nam
606 3591 674 3665 esse
694 3592 899 3665 haereticam
917 3590 955 3664 &
974 3589 1211 3684 diabolicam,
1236 3616 1332 3664 nunc
1350 3615 1468 3665 aurem
1490 3592 1630 3685 fateris,
1657 3593 1768 3665 Chri·

453 3740 482 3786 „
502 3686 647 3761 stianam
666 3688 734 3763 ene
752 3689 790 3764 δε
810 3688 991 3763 sinceram.
1010 3743 1036 3780 ,‚
1070 3687 1295 3762 Corbachius
1313 3709 1401 3761 tunc
1419 3691 1461 3761 ad
1480 3688 1513 3763 se
1531 3688 1770 3764 excusandum

452 3785 630 3885 protulit:
658 3836 685 3877 „
702 3784 735 3858 sc
753 3786 942 3878 audivisse,
961 3810 1002 3860 ac
1017 3786 1039 3859 sr
1052 3784 1386 3860 nourebiddoceret
1398 3790 1616 3885 Myconius,
1637 3788 1771 3861 &Ma-

456 3933 485 3979 „
505 3902 595 3954 trem
623 3882 776 3981 Domini
794 3909 834 3958 ac
854 3883 1003 3961 Sandtos
1022 3885 1307 3976 conviciaretur,
1332 3886 1400 3957 alia
1417 3884 1505 3959 verb
1531 3910 1627 3958 nunc
1646 3908 1771 3979 perce·

453 4031 483 4076 „
503 3978 610 4076 pisse,
637 3980 747 4076 iisque
769 3981 1159 4081 laetari&quocunque
1178 3985 1336 4074 venerit,
1354 3982 1584 4072 asserturum,
1604 3981 1770 4076 injuriam

455 4128 483 4172 „
503 4078 556 4150 illi
574 4075 700 4150 fabiam
720 4074 799 4149 esse.
842 4079 931 4153 Peto
951 4101 1091 4170 tumen,
1119 4083 1261 4177 pergit,
1288 4103 1331 4152 ne
1353 4083 1442 4153 mihi
1461 4079 1695 4179 ignominiam
1717 4079 1770 4149 in·

452 4224 481 4270 „
500 4172 640 4274 seratis,
657 4194 719 4254 aut
738 4172 875 4254 viuum
892 4202 950 4255 me
966 4178 1033 4255 esse
1046 4174 1211 4277 jastetis,
1231 4198 1342 4276 utque
1359 4181 1457 4257 hunc
1475 4176 1594 4252 aetum
1610 4198 1771 4346 nogrspro

1607 4323 1633 4367 ss
1678 4296 1772 4371 ιΡη·
