4442 5150
494 618 566 697 228
683 617 1068 698 HISTORIA
1111 619 1558 704 EVANGELH

620 888 635 897 “
791 869 1395 978 SECTIONJS
1456 874 1502 981 I..

915 1066 1337 1160 ·CarurIL

591 1228 674 1306 na
705 1226 1094 1304 unoouussu
1127 1227 1704 1309 nnuonmartours

600 1335 604 1342 ·
678 1399 680 1401 ,
823 1340 826 1349 ’
905 1321 976 1395 ru
1013 1322 1378 1417 unuvu'rm,
1688 1355 1692 1363 ·

912 1437 956 1510 ab
982 1438 1093 1509 Anno
1114 1458 1375 1535 1520-1539.

1769 1196 1776 1207 v,
1800 1200 1813 1209 ,.

973 1629 1005 1705 §.
1031 1615 1307 1691 Lxxxvlu.

348 1734 361 1749 ‘
489 1737 639 1911 Haec
665 1730 740 1807 fers
764 1731 808 1803 de
862 1729 960 1804 rim-is
989 1728 1178 1827 Evangelii
1204 1730 1316 1813 renati
1342 1754 1406 1826 per
1427 1733 1621 1808 universam
1642 1735 1796 1811 Germa·

602 1832 695 1904 niam
715 1828 817 1900 succe
844 1827 946 1917 rbus,
972 1847 1124 1921 quanta,
1152 1824 1232 1897 fieri
1248 1829 1369 1922 potnit
1389 1825 1461 1901 fide
1477 1855 1518 1902 ac
1537 1834 1599 1904 diii
1629 1837 1723 1907 ent-ia
1742 1861 1796 1908 re·

488 1925 555 2000 bus
575 1929 611 1998 in
630 1925 823 1997 Annalium
842 1921 994 1994 sormam
1014 1920 1184 2013 redactis,
1209 1923 1460 2017 exposuimus,
1487 1948 1569 2035 quae
1591 1856 1626 1998 sig
1635 1933 1694 1999 cui
1714 1934 1795 2026 piu·

485 2023 609 2114 ribus,
644 2043 747 2118 quam
776 2043 828 2091 res
847 2016 990 2115 poscat,
1018 2019 1225 2113 prosecutus
1242 2016 1310 2091 esse
1326 2019 1468 2112 videar,
1495 2046 1522 2093 rs
1542 2023 1649 2095 velim
1669 2049 1714 2097 ex
1733 2028 1795 2100 ad·

484 2118 589 2192 naso
616 2115 815 2190 consideret
841 2115 952 2212 ipsam
977 2113 1112 2187 causam
1141 2116 1178 2188 bt
1197 2112 1431 2213 gravissumam
1448 2116 1517 2190 esse
1535 2120 1573 2193 ὃ(
1592 2143 1794 2196 momento·

488 2214 671 2306 fiffimam,
705 2237 820 2310 neque
845 2215 933 2284 adeo
959 2211 1117 2310 nostrum
1146 2210 1248 2285 fuisse
1274 2212 1477 2306 coarsiate,
1503 2239 1584 2312 quae
1605 2218 1705 2293 Deus
1723 2220 1797 2317 ipse
1848 2208 1853 2240 ¹

486 2312 592 2387 nobis
610 2313 754 2409 largiter
773 2308 916 2382 indulsit
935 2307 1130 2401 beneficia,
1157 2308 1285 2405 quibus
1304 2309 1523 2408 Evangelica
1540 2317 1691 2409 veritas,
1715 2336 1796 2389 tan·

487 2434 597 2508 quam
623 2408 818 2481 Palladium
847 2408 946 2480 coelo
965 2405 1148 2479 demissum
1168 2407 1211 2479 ad
1229 2406 1369 2503 plures,
1395 2410 1457 2505 qui
1476 2412 1624 2484 antehac
1644 2413 1679 2484 in
1697 2434 1794 2488 tene·

485 2506 560 2581 bris
579 2505 765 2603 papalibus
782 2504 986 2597 micabant,
1012 2502 1152 2601 prolata
1169 2501 1232 2577 est.
1276 2505 1392 2579 Nunc
1411 2509 1531 2604 itaque
1549 2509 1597 2604 de
1613 2507 1794 2607 Reforma-

484 2609 572 2679 tr'one
597 2602 916 2678 HELVETiCA
943 2622 985 2675 ut
1012 2604 1162 2698 propius
1185 2600 1434 2696 dispiciamus,
1470 2629 1591 2703 operae
1617 2612 1687 2681 erit
1713 2634 1794 2706 pre·

411 2719 413 2723 ’
485 2704 602 2795 tium,
636 2698 760 2775 sedita
778 2721 819 2774 ut
838 2702 935 2797 prius
953 2701 1145 2772 acervatim
1165 2700 1328 2868 praedam
1348 2702 1392 2773 de
1409 2704 1588 2797 prioribus
1608 2708 1706 2781 annis
1726 2708 1796 2781 fint

484 2798 818 2891 commemoranda,
852 2817 1045 2895 antequam·
1069 2799 1108 2869 in
1127 2798 1169 2893 ju

482 2896 596 2971 essent
612 2896 785 2987 redadiae,
811 2893 955 2993 quando
971 2894 1015 2967 ab
1036 2895 1082 2965 A.
1096 2914 1200 2990 1523.
1227 2894 1265 2968 dc
1283 2896 1452 2992 deinceps
1468 2895 1792 2970 denubAnnalinm

481 2996 657 3068 rationem
678 2991 906 3082 habebimus,
925 3010 1033 3085 atque
1052 3014 1105 3064 res
1123 2992 1219 3064 circa
1229 2991 1417 3093 Evangelii
1436 2992 1656 3090 progressum
1676 2994 1796 3092 gestas

482 3090 641 3188 cujusvis
657 3089 760 3178 anni,
785 3109 829 3160 err
842 3088 1011 3257 ¹perminis
1028 3109 1192 3161 eruemus
1208 3088 1449 3164 documentis.

529 3184 838 3285 ApudBASsLE
877 3184 1030 3276 Nsus,
1050 3188 1309 3284 cumprimum
1330 3190 1366 3259 in
1382 3186 1519 3261 scenam
1538 3183 1699 3283 prodiret
1712 3185 1789 3258 Lu.-
1894 3226 1897 3232 ι

480 3281 625 3376 therus,
648 3285 741 3355 viam
757 3279 1024 3355 Reformationi
1039 3284 1115 3378 jam
1131 3282 1264 3357 fecerat
1284 3282 1560 3374 ERASMUS,
1579 3305 1643 3378 per
1658 3284 1791 3355 editio.

481 3407 563 3457 nem
582 3387 725 3457 Textus
743 3379 869 3474 Graeci
890 3380 996 3453 Novi
1010 3380 1256 3470 Testamenti,
1274 3383 1334 3455 cui
1352 3381 1498 3454 nitidius
1516 3380 1552 3451 in
1570 3379 1687 3453 iucem
1706 3404 1793 3477 pro.-

480 3480 649 3572 setendo,
685 3481 782 3579 quod
802 3499 882 3553 tum
892 3480 965 3576 jam
985 3501 1129 3572 operam
1148 3482 1330 3552 navaverit
1347 3480 1408 3573 Jr.
1428 3477 1791 3551 OECOLAMPA·

472 3579 610 3653 -DIUs
632 3579 680 3669 (a)
706 3602 752 3650 ex
779 3580 855 3671 ejus
884 3574 1122 3673 postsatione,
1157 3599 1239 3675 quae
1264 3576 1415 3649 editioni
1441 3576 1567 3671 primae
1584 3578 1789 3649 annotatio·

479 3693 567 3749 num
589 3674 726 3745 Erasmi
746 3673 796 3745 est
816 3670 1024 3771 subjundia‚
1050 3692 1173 3769 patet,
1210 3673 1374 3746 Eundem
1391 3669 1480 3745 verb
1499 3672 1600 3745 ilium
1619 3672 1790 3747 OECO·
1846 3695 1849 3700 ·

479 3769 821 3844 LAMPADIUM
841 3770 953 3843 Urbis
974 3767 1199 3861 Bafiieenfis,
1225 3770 1408 3863 totiusque
1426 3769 1608 3844 Heluetiae
1626 3772 1794 3844 unicum

479 3861 669 3964 zwinglio
695 3864 985 3940 Reformatorem
1010 3868 1116 3939 nobis
1131 3891 1173 3940 ea
1188 3868 1323 3963 quaein
1341 3867 1569 3969 sequentibus
1584 3867 1794 3957 traduntur,

480 3963 613 4042 fistent.
638 3962 792 4037 ¹Aderat
819 3984 992 4060 praeterea
1015 3964 1078 4039 W.
1104 3969 1146 4039 F.
1175 3965 1377 4041 CAPITO
1404 3966 1484 4062 (b),
1517 3970 1584 4067 qui
1607 3990 1671 4064 per
1697 3966 1792 4036 inte«

1327 4117 1329 4119 .
1683 4080 1797 4160 grum

519 4177 575 4255 (a)
595 4173 657 4237 vid.
681 4172 800 4238 Introd.
818 4175 908 4257 nostr.
933 4174 963 4255 d.
981 4171 1076 4239 LVI.
1100 4191 1168 4261 pag.
1182 4191 1259 4258 119³-

517 4258 571 4351 (b)
595 4259 658 4326 vid.
681 4258 799 4323 lucror.
825 4257 855 4346 §.
874 4255 1128 4342 LV.·pag.1t7.
1162 4255 1167 4263 ’

1204 2814 1262 2869 am·
1286 2796 1437 2871 sormam
1466 2803 1542 2873 Res
1567 2801 1798 2877 Reformatae
1855 2797 1859 2804 ’
1890 2836 1893 2839 ·
