4442 5150
435 643 605 743 Amo.
745 641 785 715 R
832 639 867 713 -E
915 638 958 714 N
1006 638 1044 711 O
1094 637 1131 711 V
1181 643 1215 713 A
1263 637 1302 715 T
1350 643 1382 716 1.
1671 671 1758 752 225.

476 825 509 866 ·„
531 775 613 845 Hac
631 795 701 844 una
720 771 835 844 hieme
855 777 950 859 (narn
971 769 1141 864 reliquam
1160 771 1340 844 Saxonum
1361 771 1522 848 meorum
1535 779 1742 854 converfio·

434 925 462 966 „
482 895 562 942 nem
590 890 689 942 antea
712 867 853 951 audisti)
872 869 928 937 hae
947 867 1111 940 civitates
1129 868 1222 963 apud
1242 870 1398 942 Saxones
1414 869 1641 970 susceperunt
1657 876 1738 975 syn·

433 990 601 1062 „cerum
622 965 879 1060 Evangelium:
900 1014 926 1052 ‚,
1496 1002 1500 1008 ·

485 1114 513 1152 „
531 1065 691 1135 Primum
712 1058 980 1151 ΕΙΜΒΕΟΚ,
998 1058 1091 1133 unde
1109 1062 1209 1132 venit
1226 1060 1284 1132 illa
1302 1061 1441 1136 laudata
1457 1065 1738 1145 cerevifiaEim.

432 1214 465 1254 „
480 1158 671 1231 beccensis.
716 1157 821 1229 Milia
847 1155 916 1230 fuit
941 1157 983 1226 ad
1011 1180 1068 1228 me
1093 1156 1238 1230 honesta
1263 1159 1419 1256 legatio,
1454 1163 1492 1239 ὃ(
1517 1162 1739 1249 mifimuseo

432 1310 462 1352 ‚,
479 1257 568 1328 duos
585 1257 743 1351 optimos
761 1255 1029 1326 Praedicatores.
1048 1305 1076 1345 ‚,

481 1405 509 1444 „
530 1353 671 1425 Deinde
688 1349 1034 1424 GOTTlNGEN
1045 1403 1058 1441 ,
1084 1348 1255 1428 consensu
1269 1352 1620 1428 Senatus&civium.
1647 1357 1742 1452 Quo

432 1503 460 1545 ‚,
480 1452 636 1545 primum
664 1447 935 1519 Brunsvicenses
962 1448 1032 1518 mei
1058 1447 1228 1520 miserunt
1246 1450 1427 1542 optimum
1447 1455 1563 1524 virum
1583 1454 1630 1526 ad
1644 1479 1737 1550 prae·

432 1599 461 1641 „
481 1546 693 1635 dicandum,
728 1545 855 1616 deinde
882 1543 1127 1637 Landgravius
1155 1544 1334 1617 Adamum
1350 1546 1584 1641 Fuldensem,
1610 1572 1652 1624 ut
1669 1552 1738 1629 illit

431 1697 459 1737 ,‚
479 1643 755 1728 ordinationem
773 1638 1044 1712 ecclefiasticam
1062 1637 1274 1712 conscribat.
1295 1694 1322 1732 ‚‚

479 1792 506 1832 „
524 1736 656 1812 Tertio
674 1739 801 1810 civitas
821 1735 1078 1826 MINDEN‚
1104 1738 1207 1829 cujus
1224 1737 1353 1810 incolae
1365 1741 1619 1815 mandaverunt
1629 1745 1737 1838 Epis·

433 1862 576 1932 „copo
599 1839 671 1929 jam
699 1832 840 1923 eledio,
874 1831 908 1905 se
932 1834 1083 1904 libenter
1109 1832 1286 1927 paliuros,
1319 1834 1394 1931 quo
1421 1838 1503 1934 iplis
1530 1842 1737 1934 cohabitet‚·

432 1987 460 2028 ‚,
480 1935 588 2005 modo
608 1932 670 2027 ipfi
692 1928 928 2026 Evangelium
950 1928 1085 2002 Christi
1103 1931 1310 2004 cohabitare
1326 1935 1395 2007 illis
1414 1937 1622 2036 permittat,
1647 1939 1737 2010 alio·

431 2031 563 2125 „quin
591 2028 624 2101 se
650 2029 886 2123 Evangelium
916 2023 986 2099 stne
1014 2023 1195 2122 Episcopo
1222 2028 1417 2104 habituros.
1461 2033 1619 2126 Quidam
1637 2037 1738 2128 judi·

432 2181 461 2222 „
479 2148 559 2200 cant
588 2125 808 2221 Episcopum
826 2123 869 2194 ad
888 2124 965 2195 haec
985 2123 1137 2195 libenter
1155 2127 1369 2220 connivere,
1395 2131 1492 2224 quod
1511 2130 1653 2206 fortaffe
1671 2158 1737 2215 no·,

432 2228 523 2318 „rit
545 2224 734 2340 Evangelii
754 2223 951 2293 veritatem.
971 2271 999 2312 „

447 2396 451 2404 ,
476 2321 667 2415 „Quarto
693 2323 728 2392 in
755 2317 981 2413 Westplialia
1008 2315 1134 2389 civitas
1160 2311 1509 2406 HERFORDIA·,
1536 2323 1597 2395 ubi
1618 2322 1737 2400 hade·

428 2472 455 2513 ‚,
475 2445 538 2492 nus
566 2423 615 2491 ira
642 2419 877 2513 praedicatum
904 2414 955 2485 est
982 2413 1249 2509 Evangelium‚
1286 2438 1328 2488 ut
1354 2418 1610 2493 predicatores
1636 2424 1736 2497 omni

428 2569 455 2610 „
476 2519 561 2589 horn
589 2516 678 2587 nihil
704 2514 798 2586 aliud
826 2512 1002 2605 sperarent
1029 2532 1178 2606 propter
1203 2511 1410 2604 Christum,
1447 2539 1550 2611 quam
1577 2517 1735 2592 enemo-

282 2592 329 2672 ἰ
429 2667 458 2706 ‚,
477 2638 580 2703 nem,
606 2613 746 2704 quando
766 2610 944 2682 intellexit
963 2605 1163 2680 Douorem
1184 2610 1358 2700 quendam
1377 2616 1738 2706 praedicatoremvel·
1835 2624 1839 2639 “

315 2773 319 2802 ,
431 2762 458 2802 „
479 2709 570 2780 lese
592 2706 766 2796 delerem,
792 2724 970 2780 convocat
991 2703 1160 2777 Senatum
1181 2705 1347 2779 haetenus
1365 2709 1463 2779 verbi
1481 2711 1737 2806 adversarium,

436 2857 464 2900 ‚‚
485 2808 520 2879 ὃ(
541 2807 615 2878 coit
635 2805 706 2895 ipsa
721 2825 800 2876 tota
818 2806 852 2875 in
871 2801 1101 2875 concordiam
1122 2826 1189 2898 pro
1210 2802 1408 2897 Evangelio
1426 2803 1555 2876 sanilo.
1575 2858 1602 2897 „

477 2957 503 2994 „
524 2896 669 2993 Quinto
699 2903 740 2975 dc
776 2900 848 2999 ipsa
875 2898 1151 2975 GOSLAtttn
1181 2898 1347 2973 hodierius
1375 2905 1590 2974 tumultuata
1615 2901 1736 3001 coepit

430 3056 457 3094 ‚,
474 3003 602 3073 melius
630 2999 786 3087 habere,
830 3019 936 3092 atque
962 2991 1052 3068 adeo
1078 2997 1187 3067 etiam
1213 2998 1315 3070 nobis
1340 3021 1483 3094 operam
1510 3002 1733 3096 promittere,

427 3153 454 3192 „
477 3103 574 3185 Hinc
595 3099 793 3193 Syndicum
812 3093 876 3167 libi
894 3098 1059 3166 avocavit
1073 3092 1338 3186 MJohannem
1349 3097 1610 3190 Lubecanum,
1627 3093 1736 3195 quem
1850 3176 1855 3192 ,

429 3209 462 3291 „⁰
478 3199 591 3288 nolli,
619 3197 679 3291 qui
702 3194 841 3265 futurus
860 3188 912 3262 est
934 3189 1075 3262 Dodlor
1092 3212 1240 3286 propter
1258 3217 1330 3264 cos.
1348 3243 1375 3285 ,‚
1457 3265 1470 3294 ·.

475 3348 502 3383 „
524 3296 594 3365 Ha:
620 3315 743 3365 omnes
770 3289 850 3361 sunt
876 3288 997 3360 libetae
1024 3287 1212 3359 Civitatem
1255 3288 1356 3363 Deus
1381 3311 1484 3364 curet
1510 3294 1670 3388 procis,
1696 3292 1735 3366 id

430 3392 572 3482 „quod
599 3391 776 3487 rogandus
803 3386 874 3477 cll,
910 3404 950 3456 ut
979 3385 1097 3455 mittat
1123 3387 1303 3481 operarios
1321 3389 1355 3457 in
1374 3388 1513 3457 mellent
1532 3388 1649 3477 snam,
1676 3411 1734 3480 utf

432 3508 546 3578 „que
579 3507 715 3558 evertat
751 3483 863 3579 pelles
889 3481 963 3553 illas
990 3478 1279 3575 pertitenn'ffimas
1306 3482 1668 3556 Sacramentariorum
1695 3486 1736 3576 ὃς

432 3632 459 3671 „
482 3580 803 3672 Anabaptistarum.
840 3581 1015 3669 Amen„
1722 3667 1725 3674 .

478 3728 505 3766 ,‚
527 3673 639 3748 Sexto
667 3676 849 3751 LUBEK
876 3701 957 3773 quae
984 3696 1111 3771 magna
1131 3674 1256 3748 civitas
1274 3672 1347 3764 est,
1374 3675 1410 3748 ὅ(
1430 3678 1522 3747 inter
1541 3676 1735 3759 saxonicas

429 3773 580 3867 „valde
607 3793 756 3865 potens,
791 3771 955 3870 quotidie
981 3773 1033 3843 bis
1063 3774 1258 3867 praedicans
1279 3773 1539 3869 Evangelium‚
1564 3779 1600 3851 ὅ(
1621 3777 1735 3853 finces

429 3924 456 3966 „
477 3895 535 3961 re,
572 3871 608 3941 dt
637 3890 718 3939 ante
744 3872 780 3943 dt
809 3870 888 3964 post
915 3870 1205 3966 praedicationem
1233 3892 1359 3941 canens
1382 3870 1500 3943 nostra
1519 3876 1736 3951 Germanica

428 4021 456 4062 ‚‚
475 3968 629 4041 cantica.
673 3964 859 4039 Orandum
886 3992 953 4063 pro
978 3968 1051 4058 eis,
1084 3990 1128 4037 ne
1146 3968 1182 4037 in
1201 3964 1406 4039 seditionem
1427 3994 1504 4040 rnit
1524 3973 1671 4062 civitas,
1699 3970 1735 4046 id

429 4118 456 4157 „
476 4065 575 4161 qnod
594 4054 744 4137 minim?
762 4061 922 4135 futurum
938 4064 1052 4159 spero.
1080 4063 1184 4136 Adeo
1202 4066 1396 4144 clementer
1413 4070 1621 4165 cop-itillic
1635 4070 1736 4143 suum

430 4210 457 4253 „
474 4160 803 4263 negotiumdivina
820 4160 1069 4237 misericordia.
1087 4213 1115 4253 „
1678 4173 1686 4187 “

1059 4256 1120 4330 vr
1213 4279 1217 4284 ·
1570 4242 1736 4361 ‚'‚sepn·
