4442 5150
668 512 1378 592 ADTOMUMll.
1650 540 1721 620 447
1850 521 1918 550 ⁸

451 648 569 724 tus&
594 666 738 720 conatus
763 665 966 737 tuerentur,
993 647 1192 720 hortabatur
1215 671 1255 720 ac
1277 647 1477 744 instigabat,
1505 673 1659 746 quasque
1676 678 1721 730 ex

453 743 719 818 RAlNALDl
739 741 928 813 Annalibus
952 744 974 813 l.
993 766 1023 815 c.
1041 742 1100 815 sol.
1122 747 1204 842 436.
1227 762 1259 814 et
1293 765 1376 837 427.
1403 744 1457 816 hic
1492 745 1721 839 exhibemus,

452 839 550 936 quod
566 837 769 930 cumprimis
786 838 913 909 faciunt
930 841 971 909 ad
990 837 1245 908 illustrationem
1266 861 1379 910 rerum
1394 858 1467 910 tum
1481 843 1660 933 temporis,
1682 843 1717 914 in

453 934 566 1100 Pappia
585 956 681 1023 mea,
704 954 783 1027 quae
805 930 926 1003 abinde
951 931 1167 1006 Reformatae
1188 930 1349 1005 Ecclesiae
1374 934 1574 1028 Hospitium
1591 936 1721 1027 extitit,

455 1053 499 1128 ge
529 1051 640 1101 arum.

459 1218 633 1301 Dileslis
661 1215 756 1298 filiis
780 1216 984 1299 nobilibus
1003 1219 1098 1301 viris
1117 1221 1467 1304 FRIDERICO
1484 1228 1525 1302 ὅ(
1541 1220 1702 1307 CHRI

420 1379 423 1382 ⁴
564 1330 807 1415 sTlnNO
833 1330 1048 1413 Holsatiae
1064 1341 1104 1415 ὃ(
1126 1331 1385 1416 Slesuiacenfi
1412 1334 1611 1418 Ducibus,

502 1510 701 1584 Persuasum
727 1508 889 1583 habemus
910 1509 1140 1584 Nobilitatem
1162 1512 1306 1601 vestram
1320 1512 1417 1584 noni
1444 1534 1582 1601 norare,
1597 1530 1722 1606 quanta

458 1607 496 1681 &
514 1628 617 1702 quam
641 1604 836 1676 miserabilis
857 1625 1051 1701 temporum
1077 1605 1273 1679 nostrorum
1290 1606 1329 1679 fit
1352 1535 1557 1693 infehcitas,
1590 1604 1718 1701 quibus

460 1701 551 1774 ultra
568 1699 674 1770 varias
702 1698 942 1771 dissenfionum
969 1724 1007 1772 ac
1034 1699 1205 1772 bellorum
1229 1725 1288 1799 per
1312 1722 1363 1774 tot
1380 1725 1484 1773 annos
1503 1701 1720 1787 calamitates,

454 1815 558 1890 atque
578 1794 770 1865 innumeras
790 1793 921 1865 Christi
947 1792 1100 1866 fidelium
1119 1794 1261 1895 strages,
1285 1794 1482 1884 civitatum,
1505 1795 1542 1867 ὃ(
1563 1795 1719 1866 locorum

458 1889 753 1984 depopulationes,
779 1887 1038 1962 Provinciarum
1058 1889 1271 1979 vastationes,
1295 1891 1409 1964 &alia
1426 1890 1625 1983 malaquam
1645 1889 1722 1983 plu·

457 2007 565 2075 rima,
591 2006 671 2078 quae
701 1983 892 2055 universam
927 1983 997 2055 sere
1025 1983 1312 2058 Christianitatem
1332 1987 1503 2058 vastarunt
1525 1985 1562 2057 &
1587 1981 1720 2055 afflues·
1864 2023 1866 2026 >

457 2099 559 2168 runt,
583 2078 687 2173 impia
700 2079 736 2151 ὅ(
750 2077 939 2151 detestanda
955 2078 1086 2152 haeresis
1099 2082 1309 2169 Lutherana,
1334 2081 1472 2153 humani
1482 2076 1611 2175 generis
1624 2075 1720 2150 hoste

459 2193 686 2271 procurante,
713 2175 746 2246 in
763 2174 959 2246 Germaniae
977 2174 1130 2268 partibus
1145 2179 1296 2271 primum
1308 2175 1425 2248 exorsa
1438 2176 1474 2249 ὃ(
1485 2172 1604 2259 austu,
1626 2171 1722 2244 dein·

457 2270 501 2341 de
517 2269 552 2338 in
575 2291 694 2339 omnes
715 2267 784 2340 sere
809 2268 993 2341 Christiani
1023 2268 1117 2340 orbis
1139 2291 1247 2373 partes
1271 2294 1372 2365 perva
1399 2291 1449 2342 ata
1474 2269 1549 2340 est:
1581 2286 1721 2363 propter

462 2384 567 2460 quam
589 2361 719 2432 infinita
736 2362 884 2434 scaudala
906 2364 942 2436 &
968 2362 1193 2456 irreparabilia
1211 2365 1333 2436 damna
1375 2362 1604 2450 ucceslerunt3
1635 2361 1722 2432 adeo

462 2478 503 2529 ut
515 2455 671 2527 saeviente
694 2455 797 2529 indies
817 2457 1054 2530 haeretieorum
1074 2461 1190 2528 furore
1205 2458 1242 2530 &
1257 2458 1364 2546 rabie,
1395 2476 1517 2552 praetet
1536 2456 1722 2526 multarum

460 2550 701 2626 cathedralium
720 2552 757 2625 &
776 2553 1127 2657 rnetropolitanarnm,
1148 2573 1187 2623 ac
1197 2550 1335 2623 aliarum
1350 2547 1582 2638 ecclesiarum,
1604 2572 1721 2620 mona·
1859 2562 1861 2566 ‘

461 2646 659 2737 steriotum,
684 2648 721 2720 ὃ(
736 2647 881 2719 aliorum
908 2671 1045 2742 piorum
1065 2646 1220 2717 locorum
1239 2645 1356 2720 totales
1369 2647 1497 2733 ruinas,
1519 2644 1727 2738 direptiones

461 2741 499 2816 &
519 2742 739 2830 vallationes,
762 2740 985 2838 ipsorumque
1006 2740 1268 2839 episcoporum,
1288 2740 1640 2838 archiepiscoporum,
1663 2738 1724 2809 ab·

462 2835 597 2925 batum,
617 2838 653 2909 &
667 2836 923 2933 religiosorum,
941 2862 981 2911 ae
1001 2839 1100 2910 etiam
1113 2838 1312 2911 monialium
1332 2834 1576 2932 expulsionesa
1592 2834 1725 2904 Luthe·

463 2934 551 3004 ranis
567 2931 730 3005 haereticis
745 2932 779 3002 in
790 2932 918 3005 Christi
937 2931 1134 3005 redemtoris
1144 2933 1271 3022 nostri,
1292 2934 1435 3030 ejusque
1444 2926 1600 3030 gloriosae
1612 2927 1728 3000 matris

463 3026 607 3124 virginis
623 3026 764 3115 Mariae,
797 3028 833 3099 ὅ(
858 3026 1002 3100 aliorum
1028 3025 1222 3101 sanderum
1248 3028 1386 3122 impiam
1410 3023 1665 3121 abnegationem
1687 3022 1727 3096 δι

464 3122 734 3217 persecutionem
758 3119 884 3210 factas,
905 3122 1059 3197 infinitus
1081 3122 1210 3197 Christi
1225 3121 1378 3194 fidelium
1392 3122 1524 3218 sanguis
1543 3119 1628 3189 intra
1644 3139 1729 3211 pau·

463 3240 521 3289 cos
538 3217 665 3290 menses
688 3213 813 3289 effusus
834 3240 873 3287 ac
898 3215 1026 3312 sparsus
1049 3218 1165 3308 suerit,
1189 3219 1354 3312 pluraque
1373 3216 1410 3288 ὅ(
1427 3216 1534 3312 magis
1547 3212 1726 3314 horrenda,

462 3311 523 3381 nisi
535 3317 731 3408 opportune
744 3312 979 3407 provideatur,
999 3315 1159 3385 universo
1219 3313 1303 3407 pulo
1316 3307 1511 3384 Christiano
1523 3308 1754 3410 immineant,-

465 3426 544 3496 quae
563 3405 719 3499 profesio
737 3407 1006 3503 uniuscujusque
1023 3407 1153 3479 Christi
1182 3407 1265 3477 delis
1288 3425 1435 3478 mentem
1455 3422 1556 3497 atque
1577 3421 1730 3470 animum

466 3518 536 3567 non
554 3501 716 3572 mediocri
733 3502 853 3574 dolore
869 3499 1017 3589 afficere,
1038 3499 1130 3573 &ad
1147 3500 1322 3573 necessaria
1338 3497 1484 3572 remedia
1502 3491 1729 3592 cogitanda&

467 3590 503 3662 in
530 3592 668 3663 uirendu
682 3598 829 3669 excitare
850 3618 954 3692 atque
971 3595 1145 3691 impellere
1160 3595 1295 3668 debent.

557 3689 713 3774 oscerte,
737 3714 817 3764 cum
830 3696 981 3788 primum
994 3695 1033 3763 ad
1055 3692 1176 3764 summi
1189 3688 1396 3787 apostolatus
1412 3686 1543 3781 apicem
1555 3680 1669 3755 divina
1683 3680 1732 3788 fa7
1879 3776 1883 3783 Ι

467 3803 567 3855 vente
578 3780 754 3854 clementia
768 3786 901 3859 affumti
919 3785 1068 3875 suimus,
1093 3787 1179 3858 nihil
1201 3784 1401 3954 impensius,
1421 3804 1460 3852 ac
1485 3778 1610 3874 majore
1626 3778 1733 3851 animi

466 3876 681 3954 solicitudine
692 3876 839 3974 cogitare
852 3885 1047 3989 coepimus,
1070 3904 1174 3977 quam
1188 3902 1227 3955 ut
1264 3877 1474 3953 islahaerefis
1491 3874 1736 3973 temporeseli·

1684 3968 1734 4039 cis
