4442 5150
468 627 635 723 Anyto.
798 625 919 699 R‘E
970 624 1011 698 N
1062 626 1100 699 O
1149 623 1186 697 V
1236 627 1269 700 A
1315 625 1365 700 Τ
1404 625 1437 700 1.
1501 641 1574 713 J·
1698 642 1771 722 227

330 756 334 762 ’
464 812 491 852 „
512 758 612 831 causa
630 776 824 848 metueret,
846 756 984 828 simulat
1004 755 1034 828 sc
1053 754 1073 828 al
1091 759 1198 854 Rege
1216 756 1472 851 (Fcrdinando)
1491 776 1660 830 vocatum
1679 757 1770 850 else,

462 908 489 948 „
509 881 573 928 nec
600 855 668 926 elle
694 879 789 926 nunc
815 858 936 926 ocium
963 855 1004 925 ad
1020 854 1296 948 disputationem
1317 857 1415 927 dere
1431 859 1594 927 omnium
1614 860 1768 928 maxima

461 1006 488 1047 „
510 953 773 1047 pertexendam.
792 953 946 1023 Simulat
964 950 996 1022 se
1012 954 1167 1022 maxime
1180 952 1352 1048 cupidum
1361 950 1654 1025 mesimiana
1667 955 1767 1050 Gry·
1855 1041 1861 1050 ,

461 1104 488 1144 „
508 1050 807 1144 naei&colloquii
826 1049 1009 1144 longioris.
1038 1050 1184 1141 Etcum
1195 1050 1253 1121 sua
1263 1047 1384 1139 causa,
1404 1070 1479 1119 tum
1493 1071 1640 1145 propter
1650 1055 1765 1125 Rem-

461 1199 488 1240 „
509 1147 711 1240 publicam,
740 1171 838 1216 orare
857 1146 1007 1238 incipit,
1035 1166 1076 1217 ut
1094 1170 1169 1217 cras
1186 1147 1229 1218 ad
1247 1145 1279 1218 se
1297 1145 1436 1234 redeat,
1456 1153 1626 1219 monstrat
1646 1148 1765 1245 hospi·

460 1296 487 1336 „
508 1245 620 1334 tium,
640 1243 677 1315 ὃ(
698 1246 817 1314 horam
837 1243 1037 1314 constituit.
1063 1242 1244 1339 thnaeus
1260 1242 1349 1315 serio
1369 1243 1448 1313 baec
1466 1243 1540 1314 dici
1558 1251 1767 1338 puiabsnon

462 1393 488 1434 „
506 1342 682 1436 gravatim
703 1341 894 1436 promittit.
912 1388 939 1432 „

507 1488 534 1528 „
554 1435 699 1509 Relislo
719 1435 959 1533 igiturFabro
975 1435 1017 1507 ad
1037 1435 1368 1510 nosreshaccedit.
1393 1435 1470 1508 Vix
1481 1434 1656 1510 adsederat
1666 1462 1766 1511 men·

459 1587 486 1629 ‚,
505 1534 572 1622 sae,
599 1537 668 1627 jam
687 1537 780 1605 enim
800 1557 919 1605 coenae
939 1555 1078 1650 tempus
1096 1555 1192 1626 erat,
1212 1537 1249 1608 ὅ(
1269 1534 1477 1605 recitaverat
1496 1534 1764 1631 partemdispu·

458 1632 648 1726 „tationis
675 1632 762 1702 mihi
792 1631 828 1702 &
854 1631 941 1701 aliis.
984 1631 1081 1702 Cum
1109 1654 1179 1727 ego
1204 1628 1362 1703 adfidens
1384 1630 1427 1701 ad
1446 1630 1617 1722 mensam,
1643 1631 1764 1708 subitb

458 1781 486 1824 ‚,
503 1751 549 1798 ex
574 1729 740 1799 conclavi
765 1741 910 1798 evocor.
955 1727 1127 1818 Hieme,
1154 1727 1272 1800 nescio
1291 1728 1369 1823 quis
1384 1727 1526 1819 Senex,
1554 1726 1767 1824 singular-eu

456 1879 486 1922 „
503 1826 715 1920 gravitatem
743 1825 869 1913 vultu,
904 1825 1064 1895 oratione
1087 1825 1127 1898 ὃς
1148 1823 1278 1896 vestitu
1297 1822 1575 1920 praeseferens,
1598 1849 1666 1909 uec
1683 1827 1767 1923 quir

458 1975 485 2018 „
506 1922 614 1994 suerit
634 1946 788 2016 unquam
808 1920 990 1994 resciscere
1007 1922 1137 2015 potui,
1154 1921 1370 2019 alloquitur,
1389 1946 1430 1992 ac
1450 1943 1586 2013 narrat,
1604 1918 1693 2018 mptt
1703 1918 1766 1998 aab

457 2073 485 2116 ‚,
505 2017 644 2090 futuros
663 2019 730 2090 ell'e
750 2021 785 2090 in
803 2016 1262 2113 hospitionollrolislorcs,
1281 2017 1651 2114 miffoejusluRegis,
1668 2021 1767 2116 apud

457 2140 609 2212 „quem
638 2115 752 2188 Faber
776 2114 980 2210 Grynaeum
995 2116 1209 2207 accusasset,
1235 2116 1278 2188 ad
1296 2117 1542 2188 abducendum
1563 2117 1767 2212 Grynaeum
1907 2192 1910 2198 Ι

455 2268 485 2310 2²
505 2215 540 2284 5¹¹
565 2237 755 2286 ‘arcem
796 2211 928 2305 lubet,
962 2234 1004 2285 ut
1034 2213 1149 2286 statim
1169 2212 1514 2306 exurbediscedat,
1539 2237 1581 2286 ac
1602 2215 1768 2290 bortatur
1881 2251 1887 2262 κ

455 2362 483 2406 „
503 2334 546 2383 ne
565 2332 764 2383 contemur.
807 2311 863 2382 Ita
879 2308 974 2383 aaa
991 2309 1098 2382 salute
1115 2311 1232 2383 Senex
1248 2310 1339 2380 abit.
1357 2362 1385 2402 „

499 2460 530 2499 „
551 2408 634 2503 Ego
652 2408 694 2479 ad
712 2406 844 2480 sodales
864 2408 991 2498 redeo,
1014 2408 1125 2500 jubeo
1144 2427 1184 2478 ut
1201 2406 1366 2502 surgant,
1384 2429 1425 2476 ac
1435 2429 1540 2478 narro
1551 2406 1635 2502 quid
1649 2407 1766 2503 Senex

455 2559 483 2603 „
503 2507 693 2577 nuntiarit.
734 2506 834 2576 Mox
862 2527 925 2598 per
951 2503 1135 2600 publicam
1159 2503 1311 2597 plateam
1331 2503 1540 2577 deducimus
1558 2505 1765 2602 Grynaeutn

314 2679 319 2685 .
455 2623 694 2697 „acceptum
721 2601 757 2673 iu
785 2602 943 2674 medium
969 2624 1121 2711 agmen,
1149 2602 1192 2673 bt
1216 2601 1261 2673 ad
1280 2601 1451 2678 Rhenum
1467 2604 1676 2698 mima„
1698 2603 1766 2692 ”bi
1910 2622 1912 2625 a

456 2753 484 2794 „
502 2722 565 2768 nos
592 2701 626 2770 in
657 2699 732 2793 ripa
753 2701 923 2772 citeriore
940 2697 1110 2794 tantisper
1124 2697 1340 2789 restitimus,
1360 2698 1481 2770 donec
1493 2700 1534 2769 iu
1552 2700 1766 2790 alteram‘rif

454 2848 482 2891 „
500 2819 581 2891 pam
605 2796 785 2893 Grynaeus
805 2821 886 2869 cum
906 2794 968 2868 suo
986 2797 1120 2868 contine
1139 2796 1175 2867 in
1193 2818 1301 2891 parua
1319 2794 1448 2892 cymba
1464 2793 1681 2879 transite-&us
1697 2796 1764 2870 est.

454 2948 482 2989 „
501 2894 627 2967 Postea
643 2892 772 2967 reversi
793 2895 828 2964 in
845 2893 1041 2990 hospitium
1060 2893 1296 2991 irreligionis
1308 2889 1766 2988 animansmffeliclorai,

452 3044 479 3087 „
499 3013 580 3064 com
597 3018 665 3065 nos
683 2994 818 3088 exiguo
835 2991 955 3103 spacio
971 2990 1017 3065 ab
1033 3017 1075 3065 ea
1093 2993 1203 3063 domo
1218 2987 1392 3104 progreffi
1409 2988 1569 3064 essemus.
1587 3041 1614 3082 „
1641 3089 1649 3104 .

453 3086 1766 3283 ,‚teimau{ratramnum{ilat

454 3332 481 3377 „
499 3285 621 3376 Quare
642 3284 891 3382 judicabamus
904 3283 1205 3358 consiliumillud
1225 3285 1369 3357 crudele
1382 3284 1527 3379 illusam
1546 3282 1614 3370 esse
1632 3286 1765 3372 div-ini·

454 3427 481 3471 „
499 3400 568 3452 tus.
594 3385 642 3454 Et
662 3405 704 3455 ut
722 3380 896 3455 affirmare
914 3406 985 3453 non
1005 3382 1167 3477 possum,
1183 3382 1264 3477 quir
1278 3381 1390 3455 suerit
1404 3383 1467 3454 ille
1475 3385 1599 3454 -Seneit-
1607 3412 1763 3478 μηνυτμς,

456 3523 483 3566 „
503 3475 559 3546 lca
581 3477 750 3553 lislornm
765 3504 810 3553 ea
828 3479 896 3551 suit
914 3480 1114 3571 sestinatio,
1139 3499 1181 3552 ut
1198 3476 1263 3551 nifi
1279 3477 1323 3550 ab
1341 3479 1493 3573 rltigelis
1510 3475 1625 3550 toslus
1642 3476 1765 3559 suilla

454 3619 481 3664 5,
500 3572 704 3666 Grynaeus,
728 3577 878 3650 evadere
896 3600 967 3647 non
987 3576 1169 3672 potuisset.
1184 3626 1214 3667 „
1746 3597 1774 3640 ·.

501 3717 529 3761 ‚,
544 3670 639 3740 Rem
665 3693 784 3747 autem
805 3677 854 3748 ita
871 3674 1003 3771 gestam
1024 3674 1114 3764 else,
1140 3693 1181 3745 ut
1198 3672 1359 3763 narraui,
1384 3689 1522 3745 certum
1538 3668 1614 3765 est,
1636 3670 1678 3744 ἓξ
1692 3694 1763 3748 no·

454 3817 481 3860 „
500 3784 585 3837 runt
602 3769 745 3860 quidam
762 3772 850 3844 boni
867 3773 935 3844 viri
955 3772 1072 3845 adbuc
1090 3768 1315 3866 superstites,
1338 3771 1401 3865 qui
1420 3769 1622 3844 adsuerunt.
1662 3770 1763 3867 Aga·

452 3917 480 3958 „
498 3888 576 3935 mus
589 3864 709 3960 igitur
725 3870 853 3964 gratian
872 3868 977 3962 Deo,
996 3866 1765 3970 qubdnobiscallodes.Angelosaddit,1&

452 4013 480 4057 „
499 3957 545 4036 ob
567 3964 872 4063 tranquillioribus
888 3968 1013 4044 annis
1031 3968 1231 4046 vocationis
1248 3962 1612 4061 afficiuobeamusn„
1736 3989 1759 4056 ’,ι

994 4205 1158 4337 'rra
1224 4301 1230 4313 ·
1551 4258 1763 4339 rar·
