4442 5150
452 672 520 762 37⁶
637 629 1505 734 nrsrontnnvnno'nntt
1586 653 1757 756 nmo.

451 811 569 862 autern
587 788 714 886 agendi
733 783 979 882 improbabat,
999 778 1386 868 co‘llusrllevideretur;
1409 784 1670 879 Nequeautem
1682 792 1771 889 ipse.

453 889 489 959 id
508 882 715 974 dillimulat,
735 889 821 979 quin
840 883 960 977 potius
980 879 1075 949 hunc
1092 878 1125 949 se
1140 879 1331 950 inmodum
1342 881 1383 951 ad
1396 881 1615 958 Bilibaldum
1626 889 1758 962 Pirclc·

454 984 648 1055 heimerum
668 983 837 1077 explicat.
855 980 904 1070 (a)
933 1027 960 1066 „
979 975 1092 1069 Coepi
1110 973 1154 1045 de
1172 976 1359 1070 migrando
1378 980 1562 1073 cogitare,
1585 982 1642 1056 sed
1662 985 1759 1061 diffi-

454 1131 480 1170 „
501 1079 676 1149 mulanrer
688 1128 803 1149 ......
830 1075 987 1144 Primum
1008 1073 1168 1142 omnium
1188 1073 1350 1144 immitto
1369 1073 1461 1145 clam
1480 1099 1668 1174 nummos,
1694 1108 1759 1157 au·

454 1228 481 1267 „
500 1176 626 1266 nulus,
660 1174 696 1246 δι
723 1172 801 1244 vasa
817 1191 1003 1268 argentea,
1029 1191 1110 1262 quae
1129 1167 1347 1264 potillrmitm
1365 1171 1519 1245 invitant
1536 1177 1759 1271 praedonem.

453 1325 480 1364 ’²
498 1266 928 1440 illilulllclilsplirl
949 1262 1768 1454 llilllllrllstl‘lllssllllllall}

730 1416 736 1436 ⁸
1246 1413 1258 1451 2

453 1420 481 1558 ζ
499 1463 588 1555 elle,
614 1465 720 1559 idque
739 1461 873 1533 duabus
891 1460 935 1531 de
953 1456 1085 1548 caulis,
1111 1481 1194 1552 quas
1212 1465 1226 1548 (
1254 1460 1287 1544 ).
1310 1514 1318 1530 .
1339 1514 1347 1529 .
1373 1462 1552 1560 intelliges
1568 1467 1759 1566 plusquam

452 1612 480 1654 „
498 1559 654 1634 friuolas.
687 1559 769 1654 Ego
787 1581 904 1630 tamen
923 1575 1089 1649 reputans
1106 1577 1271 1644 mecum,
1290 1557 1368 1651 quis
1383 1557 1469 1631 ellet
1487 1585 1606 1635 rerum
1627 1566 1758 1665 status,

454 1657 631 1754 „scripto
657 1657 794 1752 placavi
821 1654 1128 1746 oecolampadium,
1164 1651 1339 1748 simulque
1361 1653 1403 1724 ad
1426 1657 1650 1755 colloquium
1669 1688 1759 1741 evo*

451 1779 558 1848 „cm
602 1755 791 1827 Collocuti
819 1750 934 1822 sumus
958 1749 1046 1836 diu,
1080 1745 1137 1818 sed
1163 1748 1294 1843 absque
1316 1757 1563 1829 contentione.
1605 1761 1761 1839 Obtulit

453 1904 480 1944 „
501 1851 561 1925 ille
589 1849 757 1923 sinceram
783 1844 1090 1937 benevolentiam,
1124 1868 1230 1942 quam
1253 1868 1324 1943 ego
1348 1871 1420 1921 non
1438 1852 1618 1950 recusavi,
1645 1863 1759 1936 modo

1646 2007 1675 2049 aa
1693 1981 1759 2056 Pa·

455 2177 476 2212 „
501 2127 663 2193 Caeterum
688 2129 766 2193 dum
783 2126 894 2192 sordidi
912 2127 940 2190 dr
958 2123 1075 2190 indodli
1093 2125 1240 2208 sacrifici,
1263 2146 1328 2191 non
1345 2126 1408 2197 alio
1424 2131 1530 2196 animo
1547 2131 1670 2200 discunt
1685 2139 1759 2205 treis

453 2259 477 2294 „
500 2211 623 2277 fortasse
640 2213 761 2293 millae,
778 2232 837 2275 nec
852 2212 1120 2291 aliterexercent,
1138 2212 1237 2293 quam
1254 2211 1340 2275 sutor
1355 2217 1594 2299 calceolariam,
1610 2220 1688 2285 dum
1705 2243 1760 2305 pa-

454 2344 475 2377 „
503 2300 565 2360 lam
584 2297 675 2378 impie
691 2297 822 2374 vivunt,
845 2295 899 2378 qui
916 2293 1043 2357 subinde
1059 2295 1214 2357 accedunt
1229 2295 1267 2359 ad
1282 2295 1424 2360 mensam
1441 2298 1578 2379 domini,
1596 2302 1675 2368 dum
1690 2324 1762 2373 non

442 2418 477 2460 ,„
501 2399 536 2442 ea
552 2380 701 2462 religione
717 2381 868 2477 peragitur
884 2379 945 2441 hoc
963 2376 1144 2458 mysterium
1161 2398 1224 2460 qua
1238 2378 1385 2458 decebat,
1401 2381 1760 2456 dumremtamsacram

455 2510 478 2544 „
501 2462 618 2527 faciunt
642 2465 800 2546 publicam
823 2461 1100 2541 nundinationem,
1133 2477 1255 2524 tantum
1279 2481 1344 2525 non
1360 2481 1511 2547 ruperunt
1527 2466 1557 2531 dt
1574 2469 1659 2535 bunc
1674 2471 1761 2536 suui-

454 2594 477 2627 „
501 2551 624 2611 culum.
665 2547 737 2626 Jarn
761 2565 871 2612 arcana
894 2543 1080 2625 Confeffione
1104 2543 1182 2627 quid
1205 2544 1377 2611 salubrius?
1409 2546 1450 2613 Et
1475 2550 1554 2615 hanc
1570 2552 1650 2619 dum
1666 2555 1761 2625 nimis

454 2678 477 2712 „
500 2630 688 2713 astringunt,
711 2632 868 2713 nimisque
885 2630 1019 2694 reddunt
1034 2628 1178 2708 anxiam,
1201 2628 1279 2693 dum
1295 2628 1351 2694 sub
1367 2631 1459 2708 hujus
1476 2648 1626 2714 praetextu
1641 2658 1762 2705 venan-

455 2761 477 2796 „
501 2729 552 2779 tur
574 2718 742 2797 pecuniam
766 2713 973 2796 srmplicium,
1005 2712 1083 2774 dum
1101 2712 1454 2795 irrsrdiarrtunpudicitiao
1466 2719 1663 2802 puellarum,
1686 2726 1762 2791 alia·

455 2847 476 2880 „
501 2818 563 2881 que
588 2818 653 2863 non
670 2796 952 2864 commemoranda
970 2793 1081 2877 flagitia
1097 2797 1320 2878 committunt,
1344 2798 1422 2861 dum
1439 2798 1518 2863 hanc
1535 2801 1567 2866 in
1582 2808 1762 2876 remedium

454 2930 476 2963 „
499 2884 676 2946 animarum
700 2896 875 2964 repertam,
912 2894 1039 2942 verrunt
1061 2878 1093 2941 in
1117 2878 1204 2942 suam
1229 2881 1444 2963 tyrannidem,
1474 2888 1588 2948 nonne
1610 2907 1763 2972 magnam

455 3012 478 3046 „
501 2966 666 3047 rumpendi
691 2964 826 3028 funiculi
851 2962 1003 3026 dederunt
1026 2962 1250 3026 occafionem?
1282 2964 1328 3035 lta
1343 2965 1420 3026 dum
1434 2967 1684 3044 constitutivum
1699 2974 1761 3037 bu-

454 3095 477 3130 „
500 3065 667 3111 manarum
691 3050 801 3111 nullus
826 3045 868 3109 ell
894 3046 1008 3109 modus
1033 3064 1138 3127 neque
1158 3046 1248 3124 linis,
1271 3045 1349 3109 dum
1365 3047 1415 3109 nas
1430 3046 1468 3109 ad
1486 3048 1642 3129 quaellum
1657 3073 1695 3119 ac
1710 3071 1762 3137 ty·

454 3180 476 3214 „
500 3131 663 3194 rannidem
688 3130 775 3193 suam
799 3130 892 3194 multi
906 3132 968 3192 ,νεὶ
993 3128 1154 3193 inllltuunt
1176 3133 1228 3190 vel
1254 3130 1441 3208 detorquent
1464 3129 1630 3214 institutas,
1662 3138 1693 3201 dr
1710 3141 1762 3206 hic

454 3264 478 3298 „
500 3215 668 3281 funiculus
691 3215 774 3277 venit
799 3213 830 3275 in
854 3213 1040 3297 periculum.
1073 3212 1125 3276 Sic
1142 3210 1273 3277 fortallrs
1291 3212 1321 3276 dr
1337 3210 1510 3275 Sacerdotes
1526 3216 1605 3279 dum
1621 3236 1681 3282 nec
1697 3221 1763 3287 stu·

454 3350 476 3371 .,
500 3303 574 3364 dent
598 3317 703 3380 gerere
730 3298 824 3361 vitam
849 3298 969 3360 honore
993 3297 1140 3378 dignam,
1165 3296 1365 3360 &honorem
1381 3295 1510 3377 exigunt
1526 3296 1761 3389 immodicum,

453 3375 475 3466 ζ,
499 3383 580 3467 apud
596 3386 716 3447 multoc
734 3397 890 3445 venerunt
905 3382 936 3445 in
954 3396 1186 3462 contemptum·
1220 3379 1333 3444 ltidem
1348 3376 1496 3442 Monacbi
1512 3380 1591 3447 dum
1609 3404 1676 3450 non
1692 3409 1763 3455 am·

455 3459 477 3549 „
500 3469 588 3531 blunt
612 3469 779 3532 bominum
796 3465 941 3528 favorem
958 3465 1028 3527 vita
1046 3482 1240 3543 morumque
1256 3462 1455 3545 synceritate,
1478 3462 1530 3529 sed
1546 3470 1677 3551 opibus,
1700 3493 1762 3538 nu·

454 3599 476 3633 „
499 3571 606 3632 mero,
630 3551 875 3635 conspiratione,
898 3550 1029 3631 aliisque
1045 3547 1136 3611 malis
1151 3546 1263 3610 artibus
1281 3546 1368 3628 freti,
1386 3568 1467 3629 quos
1484 3549 1563 3615 dolo
1578 3552 1762 3625 fallerenon

450 3682 474 3717 „
499 3635 643 3716 pullum,
666 3637 696 3698 vi
716 3634 836 3698 student
852 3634 1044 3716 opprimere:
1069 3632 1148 3693 dum
1164 3630 1262 3714 palliis
1280 3630 1341 3695 suis
1357 3635 1645 3718 tantumtribuunr,
1663 3643 1761 3706 utde·

453 3767 475 3800 ,‚
499 3720 614 3798 pellere
638 3718 785 3796 morbos,
816 3718 1044 3781 ut.fortunatar
1070 3713 1199 3776 reddere
1223 3712 1357 3793 domos,
1372 3732 1417 3779 ,ιιι
1442 3715 1459 3778 i
1484 3720 1762 3792 cacodaernonibus

451 3850 475 3881 „
500 3801 577 3862 tucri
594 3801 726 3881 polsrnt,
749 3800 826 3883 quid
842 3800 927 3865 aliud
944 3799 1161 3883 profecerunt,
1184 3796 1237 3862 nili
1255 3812 1289 3861 ut
1305 3798 1389 3889 prius
1405 3819 1462 3884 pto
1478 3800 1533 3867 diis
1550 3805 1658 3887 habiti,
1675 3827 1762 3884 nunc

453 3933 475 3967 „
499 3883 549 3948 vix
568 3885 734 3950 habeantur
751 3906 806 3964 pro
823 3886 910 3951 bonis
928 3882 1022 3948 vltis?
1040 3930 1061 3962 „

495 3968 632 4117 (a)8vid.
655 3967 835 4036 ERASM.
860 3964 956 4054 Epill.
981 3987 1013 4031 n.
1034 3962 1126 4048 1048.
1151 3986 1180 4049 p.
1197 3960 1288 4045 1189.
1320 3966 1408 4033 conf.
1433 3965 1528 4051 Epill.
1546 3971 1600 4035 cit.
1621 3992 1653 4037 n.
1666 3976 1760 4039 1066.

476 4072 549 4116 ,ιιι
580 4101 586 4115 .
963 4105 968 4114 .
1075 4111 1080 4118 .

452 4076 471 4137 p
493 4139 543 4217 (b)
570 4138 635 4205 llas
659 4135 764 4204 causas
786 4136 937 4218 expolitas
952 4134 1096 4203 videmus
1115 4134 1146 4198 in
1164 4136 1314 4216 exemplo
1333 4135 1562 4208 codicillorum
1577 4137 1704 4201 Erasmi
1721 4144 1761 4209 ad

450 4218 624 4299 eraanem
636 4217 937 4301 ,oarolampadim
960 4237 1104 4300 qnorum
1126 4218 1247 4288 mentio
1271 4218 1308 4282 fit
1324 4216 1356 4284 in
1372 4220 1428 4285 hac
1446 4217 1605 4308 Epillola,
1626 4221 1658 4288 dt
1676 4246 1760 4311 quoa

449 4306 570 4391 exbibet
585 4306 679 4371 editio
697 4297 910 4385 Epistularum
925 4302 1078 4367 recentior
1097 4300 1319 4387 Lugdunenfir
1335 4305 1473 4384 n.1067.
1491 4326 1523 4389 p.
1536 4322 1627 4370 1221.
