4442 5150
345 669 349 675 ,
464 600 634 701 A.t524.
776 599 818 678 R
856 600 899 676 'E
947 599 989 676 N
1038 600 1077 674 O
1127 599 1165 676 V
1215 601 1249 676 A
1297 601 1335 677 T
1367 602 1416 676 Ἰ.
1705 615 1772 681 261

431 770 435 777 ·
463 729 530 805 bus
547 733 624 830 agri
638 729 863 805 Wirteruber
892 733 961 822 ici,
980 756 1085 830 quem
1105 731 1250 827 quidem
1271 734 1512 829 principatum
1533 729 1775 823 Ferdioandus

463 828 672 903 Austriacus
692 824 769 900 tbm
791 854 838 924 po
865 830 984 902 rdebat
996 863 1006 917 3
1039 835 1089 902 At
1108 825 1195 902 verb
1215 855 1298 901 cum
1319 833 1448 904 valeret
1468 831 1614 928 ingenio
1629 830 1774 905 Blaure·

462 951 553 1020 rus„
569 928 754 1021 librosque
773 929 925 1000 Lutlreri
947 927 1105 1025 legiliet,
1124 928 1230 999 alium
1253 929 1391 1022 prorsus
1413 929 1576 1000 induerat
1594 931 1774 1024 animum,

463 1024 500 1099 ἃ
513 1024 599 1122 post,
612 1024 762 1097 multam
785 1025 997 1096 simultatem
1015 1023 1141 1097 relidio
1160 1024 1325 1098 sodalitio
1343 1046 1536 1098 reverterat
1552 1025 1593 1096 ad
1613 1049 1774 1121 parentes
1846 1043 1848 1047 ‘

461 1141 569 1220 atquc
586 1127 809 1220 propinquos
820 1155 833 1209 ς
862 1123 982 1194 Abbas
999 1124 1113 1219 igitur
1131 1147 1194 1218 per
1212 1124 1367 1220 regionis
1385 1121 1599 1194 Praefectum
1613 1123 1772 1197 Austria'·

461 1243 569 1311 cum,
605 1220 807 1315 interpellat
835 1221 1004 1294 Senatum
1033 1221 1330 1315 Constantiensarn,
1363 1241 1404 1293 ut
1427 1223 1527 1291 illum
1548 1221 1590 1292 ad
1610 1221 1772 1298 ordinem

458 1314 560 1405 suum
589 1319 703 1389 redire
729 1337 884 1412 cogant,
921 1319 1109 1390 Blaurerus
1137 1340 1255 1390 autem
1281 1317 1379 1390 edito
1401 1318 1534 1414 scripto
1554 1317 1595 1388 ad
1616 1321 1769 1392 eundem

461 1413 631 1489 Senatum
648 1414 897 1512 Apologetico
917 1440 989 1487 rem
1008 1441 1151 1488 omnem
1170 1414 1280 1487 abiam
1296 1435 1576 1506 commemorat,
1596 1416 1772 1487 &condi-

459 1512 574 1586 tiones
593 1516 790 1610 proponit,
817 1513 945 1609 quibus
964 1512 1078 1584 redire
1096 1514 1225 1605 vellet,
1254 1513 1310 1585 sed
1334 1514 1390 1584 hae
1410 1515 1493 1585 tales
1511 1531 1631 1604 erant,
1657 1533 1697 1584 ut
1716 1537 1771 1587 eas

458 1610 669 1706 repudiante
695 1610 859 1700 Abbate,
888 1610 1111 1682 Conliantiae
1130 1612 1189 1683 ille
1209 1631 1440 1707 permaneret.
1483 1611 1569 1682 Fuit
1589 1611 1659 1682 hoc
1676 1635 1769 1683 anno

462 1729 566 1803 1523.
594 1709 700 1780 Hauc
719 1710 839 1804 itaque
857 1709 1049 1801 Paraenestn
1069 1708 1299 1782 Germanicam
1317 1732 1400 1779 cum
1420 1708 1462 1780 ad
1483 1709 1551 1780 W.
1570 1707 1600 1778 F
1606 1767 1610 1774 .
1631 1712 1768 1804 Capito·

458 1828 531 1876 nem
549 1803 712 1897 misrllet,
740 1805 875 1899 Capito
893 1805 1069 1894 eundem,
1087 1829 1159 1876 non
1179 1808 1215 1876 in
1233 1806 1385 1877 veritate
1403 1803 1629 1878 solummodo
1648 1809 1770 1902 agnita

461 1899 693 1992 confirmare,
719 1903 776 1974 sed
796 1903 893 1994 &ad
913 1903 1178 1974 concionatoris
1196 1927 1323 1976 munus
1343 1903 1379 1976 &
1397 1902 1559 1975 officium
1578 1903 1769 2001 suscipien-

458 1997 543 2072 dum
569 2000 707 2073 strenue
732 2001 937 2090 exhortari,
971 2001 1024 2072 uti
1050 2002 1126 2097 ejus
1153 2001 1198 2072 A.
1218 2024 1321 2097 1524.
1347 2000 1382 2072 d.
1400 2026 1436 2094 4.
1457 2003 1551 2098 Maji
1570 2004 1663 2073 inter
1680 2002 1768 2096 alia,

458 2095 539 2171 data
564 2099 672 2171 verba
698 2100 746 2170 ita
772 2098 804 2169 le
830 2096 986 2170 habent:
1036 2149 1063 2188 „
1092 2098 1381 2193 Paraenelinffl,
1416 2118 1513 2171 tuam
1540 2099 1769 2174 mirabundus

458 2245 485 2286 „
503 2195 586 2292 legi.
630 2195 742 2293 Quod
773 2194 797 2266 fi
821 2198 863 2268 ad
884 2194 1031 2266 verbum
1051 2194 1243 2267 dicendum
1262 2217 1299 2268 te
1316 2197 1543 2288 demitteret,
1569 2197 1654 2294 quid
1674 2221 1768 2292 prae·

456 2341 484 2386 „
503 2288 626 2384 stares,
661 2292 834 2366 obsecro?
870 2292 1003 2387 Neque
1030 2291 1205 2390 estquod
1227 2294 1347 2390 jures,
1376 2294 1433 2366 seu
1453 2318 1578 2390 parum
1598 2291 1768 2368 suffetiu-

455 2415 560 2485 „rus
587 2391 747 2465 causeris.
791 2390 866 2463 Sub
895 2392 956 2462 tali
984 2392 1170 2486 provincia
1195 2414 1300 2462 nemo
1323 2411 1473 2464 vocatus
1490 2390 1657 2485 deficiet,
1683 2417 1769 2466 cum

440 2488 674 2584 „divinitus
707 2487 907 2583 adjuvetur.
959 2488 1112 2562 Gaudeo
1146 2488 1299 2584 denique
1333 2488 1476 2562 ausuros
1505 2513 1570 2562 vos
1597 2491 1769 2566 innovare

454 2640 482 2681 „
502 2586 612 2676 foris,
647 2610 727 2682 quae
754 2584 866 2657 verbo
887 2590 921 2658 in
946 2587 1116 2659 cordibus
1136 2589 1277 2681 piorum
1296 2585 1485 2658 instaurata
1500 2585 1622 2661 nostis.
1665 2588 1768 2663 Nam

456 2735 485 2777 „
502 2682 678 2755 evanescit
713 2682 880 2851 {piorum
925 2683 976 2776 st,
1018 2708 1100 2779 quae
1132 2682 1326 2776 alleverat,
1370 2683 1475 2757 cessas
1511 2709 1548 2757 re
1575 2684 1767 2782 praestare,

456 2831 485 2876 „
503 2781 611 2853 etiam
642 2806 711 2853 cun
752 2782 869 2852 atione
896 2804 957 2853 tua
982 2805 1152 2877 magnum
1179 2802 1429 2878 argumentum
1459 2782 1597 2879 praebes
1623 2784 1765 2855 incom-

454 2878 668 2975 „parabilis
687 2898 759 2951 tuae
779 2879 992 2973 prudentiae.
1021 2878 1144 2951 Nobis
1161 2901 1281 2952 tamen
1300 2880 1359 2951 liic
1377 2880 1490 2952 multa
1508 2900 1640 2976 praeter
1652 2880 1769 2975 spem,

453 3028 480 3072 „
499 2998 632 3076 praeter
655 2976 801 3052 confilia
819 2980 1024 3051 acciderunt
1038 2976 1242 3149 :Kplpofuit,
1268 2979 1434 3077 inquam,
1461 2975 1482 3050 ai
1502 2977 1664 3052 Matthia
1679 2979 1764 3152 Zpl·

496 3127 499 3134 '
1150 3099 1167 3173 3
1668 3129 1695 3171 ss
1729 3102 1766 3151 ¹⁰

494 3261 544 3341 (a)
569 3257 656 3324 conf.
681 3253 929 3325 SCUL-TET.
955 3255 1073 3322 Annal.
1097 3256 1144 3322 T.
1163 3259 1188 3322 Ι.
1212 3279 1242 3343 p.
1261 3278 1332 3335 222,
1359 3276 1430 3340 223.
1463 3257 1673 3341 Reperiuntnt
1697 3258 1766 3321 haec

451 3347 547 3407 verba
563 3344 593 3407 in
611 3364 663 3422 ea,
688 3363 785 3424 quam
803 3344 875 3407 huic
893 3341 1080 3420 Volumini,
1104 3340 1211 3407 Num.
1231 3341 1293 3406 Xl.
1320 3344 1364 3405 lit.
1384 3342 1428 3406 D.
1453 3343 1671 3419 subjunximus
1690 3337 1766 3422 Epi·

453 3424 541 3487 stola.
573 3427 638 3489 vid.
664 3424 809 3490 Docum.
833 3449 862 3510 p.
882 3424 933 3505 76.
972 3425 1090 3490 Similis
1113 3426 1288 3505 argumenti
1306 3423 1478 3508 Epistolam
1496 3421 1763 3487 OECOLAM·

454 3502 586 3571 Pnun
610 3509 647 3570 ad
673 3508 860 3574 Blautetum
883 3512 1030 3572 habemus
1054 3510 1085 3573 in
1109 3505 1203 3590 Epist.
1221 3508 1366 3590 Zwiugl.
1385 3508 1415 3570 dc
1432 3506 1552 3568 Oecol.
1572 3501 1686 3568 L-IV.
1704 3505 1767 3569 fol.

457 3602 529 3667 175.
546 3590 576 3651 b.
607 3591 660 3653 ubi
676 3612 740 3655 non
758 3596 859 3659 minus
877 3592 1040 3676 pie'quam
1057 3592 1188 3672 graviter
1205 3591 1361 3667 eundem,
1385 3604 1420 3653 ut
1437 3586 1524 3651 milla
1539 3588 1602 3649 vira
1617 3588 1764 3655 monasti·

453 3692 492 3735 ca
515 3671 545 3735 se
562 3675 652 3754 plane
667 3675 704 3736 ad
722 3696 838 3741 munus
855 3676 1064 3741 concionandi
1081 3676 1224 3759 recipiat,
1247 3676 1398 3737 admonet
1414 3689 1508 3753 atque
1525 3670 1678 3753 impellit;
1702 3672 1764 3739 At·

452 3775 518 3840 que
533 3759 662 3819 alteram
679 3756 737 3819 fol.
752 3760 821 3840 196.
838 3783 866 3825 a.
888 3762 918 3824 in
936 3782 1016 3843 qua,
1033 3780 1073 3825 ne
1091 3779 1188 3842 qnam
1205 3756 1423 3838 conscripserat
1434 3755 1625 3840 Apologiam
1634 3754 1764 3822 Blaure·

451 3860 505 3904 rus
528 3840 607 3923 typis
633 3843 758 3904 mandet
784 3849 833 3906 vel
859 3845 1014 3929 publicet,
1044 3845 1183 3909 eundem
1199 3844 1356 3905 hortatur:
1385 3839 1436 3901 ubi
1452 3838 1528 3901 iuter
1543 3839 1620 3906 alia:
1651 3890 1673 3925 „
1689 3842 1764 3923 Jam

451 3971 475 4008 „
498 3926 590 3989 taedet
608 3925 731 4007 plebem
750 3941 797 3989 tot
812 3930 1040 4011 apologiarum.
1071 3928 1189 3992 Tuum
1205 3945 1322 3989 nomeu
1339 3923 1405 3987 satis
1421 3922 1565 4003 salvum,
1585 3944 1661 3990 cum
1678 3927 1764 3992 sena·

454 4055 477 4093 „
500 4025 549 4073 tus
575 4010 676 4093 patria
701 4021 762 4070 tna
787 4028 816 4072 re
840 4012 992 4094 absolvit,
1019 4016 1114 4076 nullo
1131 4029 1209 4093 opus
1224 4009 1267 4071 en
1284 4009 1481 4092 apologetico
1497 4010 1569 4073 aliu.
1609 4009 1690 4074 Fieri
1707 4030 1762 4071 ne-

454 4137 477 4175 „
499 4094 618 4176 quitur
635 4091 860 4158 Pharisaeorum
877 4095 1021 4159 scandala
1037 4094 1054 4161 ὲ
1072 4095 1179 4159 medio
1195 4096 1347 4157 tollantur
1362 4093 1477 4156 omnia.
1502 4092 1683 4159 Ferendum
1699 4094 1764 4157 hoc

454 4218 479 4255 „
500 4179 588 4241 nobis
612 4177 655 4241 ell
680 4176 806 4255 Frater,
836 4193 872 4241 ut
893 4178 952 4242 fint
977 4182 1031 4259 qui
1048 4180 1136 4244 uobis
1154 4179 1357 4255 maledicant,
1382 4178 1436 4259 qni
1452 4178 1648 4242 exsecrentur
1665 4176 1694 4241 ἃ
1709 4178 1765 4243 ab-

454 4303 479 4343 „
501 4262 703 4347 omiueutut,
725 4261 892 4329 terendum
906 4276 1031 4346 propter
1046 4282 1125 4331 eum
1140 4261 1197 4348 qui
1212 4282 1290 4330 cum
1304 4262 1418 4349 iniquis
1434 4277 1592 4349 reputatus
1608 4261 1661 4327 cll.
1679 4306 1705 4345 „
