4442 5150
450 636 516 724 366
635 617 1015 698 HISTORIA
1058 613 1499 694 EVANGELII
1591 615 1764 718 Anszd.

450 807 478 847 „
496 752 643 853 flagitiis
672 750 906 842 Sa’cerdotes,
949 745 1072 820 iisdem
1100 748 1235 821 multos
1262 771 1307 821 ex
1334 748 1475 845 populo
1503 745 1654 822 infames
1679 748 1766 824 effe.

453 857 533 945 „A
560 852 767 925 deformatis
793 847 1086 920 reformationem
1114 869 1180 917 nec
1207 847 1400 941 prudenter
1424 844 1560 918 suaderi
1579 844 1677 942 poffe
1695 871 1766 921 nec

319 1000 321 1007 ,
454 1000 480 1041 „
496 949 665 1023 feliciter.
708 947 809 1020 Cleri
834 968 909 1017 non
935 962 1008 1014 tam
1032 944 1183 1014 crimina
1198 942 1303 1015 exosa
1320 941 1409 1035 effe,
1435 966 1540 1039 quarn
1558 943 1767 1037 ambitum,

454 1096 482 1138 ‚,
500 1071 573 1142 quo
592 1045 734 1143 paribus
751 1042 948 1115 multotum
967 1037 1147 1112 desideriis
1162 1040 1398 1112 intercedant.
1431 1042 1517 1113 Nec
1536 1040 1767 1139 flagitiorum

455 1190 482 1240 5,
502 1145 609 1216 finem
628 1143 766 1238 optari,
792 1138 850 1212 sed
870 1135 1155 1233 flagitiosorum,
1180 1162 1254 1211 non
1272 1159 1314 1209 ut
1330 1137 1428 1210 Urbi
1445 1140 1536 1210 bene
1555 1137 1621 1232 fit,
1646 1139 1706 1214 sed
1724 1160 1769 1217 ut

453 1245 542 1341 „iis
569 1243 629 1339 qui
656 1241 721 1314 soli
750 1237 821 1310 line
848 1235 988 1307 aemulis
1011 1237 1174 1329 nepotari
1201 1236 1327 1308 velint.
1370 1236 1617 1333 Cogitarent,
1651 1238 1768 1315 clero

455 1341 591 1435 „urbe
616 1336 754 1434 ejecto,
788 1335 827 1408 &
847 1331 961 1406 Verbi
980 1331 1159 1404 Ministris
1179 1332 1214 1403 in
1231 1335 1309 1428 ejus
1324 1334 1446 1406 locum
1466 1331 1645 1428 suffefiis,
1671 1337 1768 1412 male

456 1488 484 1532 „
504 1435 704 1528 desideriis,
739 1431 832 1504 male
857 1431 978 1521 vitiis,
1008 1428 1138 1524 quibus
1155 1429 1306 1502 obnoxii
1324 1429 1458 1523 essent,
1483 1429 1633 1527 consuli.
1652 1435 1703 1527 (a)
1730 1439 1767 1512 Α

455 1588 484 1630 „
503 1535 615 1607 Clero
641 1533 690 1605 ob
711 1529 883 1604 scelernm
901 1527 1195 1599 communionem
1214 1529 1327 1600 multa
1346 1530 1512 1621 tolerari,
1538 1536 1620 1625 quie
1638 1527 1660 1604 a
1678 1535 1767 1609 novi

453 1685 481 1728 „
501 1631 689 1728 Evangelii
711 1625 940 1724 praeconibus
959 1625 1106 1696 minime
1124 1624 1335 1699 tolerentur.
1378 1627 1438 1699 Ab
1456 1626 1522 1699 illo
1538 1626 1770 1709 Pontificum

455 1785 483 1826 „
501 1731 665 1802 mandata
682 1752 725 1800 ur
753 1726 825 1817 eri,
846 1724 918 1796 Dei
936 1722 1163 1818 negligenter
1181 1723 1324 1814 baberi,
1343 1721 1417 1796 istis
1430 1723 1501 1796 sola
1516 1729 1767 1824 praeceptadi·

299 1822 302 1829 ’
454 1882 483 1921 ,,
501 1831 583 1899 vina
599 1825 694 1900 sacra
709 1748 796 1913 τῆς,
823 1824 975 1893 humana
992 1820 1102 1921 vilra.
1129 1819 1385 1917 Expenderent
1403 1824 1523 1916 itaque
1541 1847 1625 1897 curn
1643 1828 1767 1903 animo

457 1980 483 2019 „
503 1924 587 2015 suo,
611 1949 655 1995 an
673 1922 716 1993 ad
728 1920 821 1994 ¹virae
840 1940 943 2012 aeque
959 1939 1000 1987 ac
1018 1914 1193 1989 dodlrinae
1211 1916 1504 1992 reformationem
1523 1919 1768 2020 aspirarent.„

503 2022 633 2092 Gravis
660 2019 721 2089 illa
745 2016 877 2086 Oratio
904 2012 1102 2084 multorum
1131 2015 1269 2087 animos
1293 2040 1367 2087 non
1395 2034 1520 2112 parum
1547 2025 1768 2099 commovit.

454 2115 642 2190 Accessere
671 2112 909 2186 Anathemata
931 2109 986 2204 (b)
1012 2108 1176 2204 quaedam
1195 2111 1239 2183 ab
1260 2115 1551 2213 Arcbiepiscopo
1569 2116 1768 2196 Viennensi

454 2217 581 2288 Metro
609 2213 746 2285 olitano
763 2208 784 2281 ai
801 2205 1041 2308 perduellibus
1059 2209 1294 2303 quibusdam,
1313 2211 1349 2284 ἃ
1362 2236 1429 2308 pro
1437 2213 1530 2307 illis,
1549 2232 1677 2290 contra
1686 2217 1768 2294 Ge·

454 2239 620 2401 nevenfeb
646 2312 861 2406 impetrata,
893 2307 929 2381 &
949 2305 1088 2401 viprum
1108 2309 1279 2403 compitis
1296 2308 1415 2382 affixa.
1457 2313 1528 2386 His
1545 2311 1767 2413 conspectis,

457 2407 722 2485 Genevenfium
752 2407 926 2480 Oratores
952 2403 1102 2475 Bernam
1132 2423 1221 2478 tunc
1239 2405 1335 2480 forte
1353 2403 1462 2502 missi,
1488 2408 1662 2507 religione
1679 2437 1770 2512 qua·

455 2510 535 2582 dam
555 2505 654 2580 ducti
673 2508 842 2598 horrere,
869 2499 1027 2574 Antistes
1045 2501 1161 2595 idem,
1185 2505 1247 2600 qui
1265 2503 1299 2580 se
1317 2505 1387 2581 illis
1404 2509 1577 2582 comitem
1592 2508 1766 2609 adjunxe-

455 2628 533 2697 rat,
569 2602 764 2700 snbjieere,
797 2654 826 2694 ‚‚
845 2602 884 2675 si
911 2601 948 2672 in
967 2600 1166 2694 perduelles
1184 2622 1318 2697 praeter
1330 2607 1391 2702 jus
1410 2604 1448 2679 δί
1466 2603 1517 2678 fas
1533 2607 1669 2705 aliquid
1688 2608 1769 2686 fue·

454 2747 482 2802 ,·,
500 2705 549 2777 rit
567 2701 761 2793 statutum,
788 2700 861 2772 Dei
880 2722 951 2770 non
970 2699 1158 2771 hominurn
1178 2702 1401 2775 anathemata
1413 2700 1677 2780 reformidanda
1685 2708 1769 2804 effe,

455 2858 483 2899 „
503 2801 554 2875 fin
580 2797 852 2902 minneifsbruta
869 2796 928 2868 illa
944 2793 1043 2887 sore,
1069 2797 1107 2870 δε
1126 2795 1147 2869 ὲ
1163 2799 1345 2873 Bartholdo
1362 2800 1458 2896 Papa
1475 2799 1542 2896 (fic
1561 2803 1768 2879 HALLE·

435 2955 483 2996 „,
502 2900 632 2973 RUM
660 2896 873 2972 Beruensem
898 2891 1122 2990 designabat)
1149 2894 1257 2968 facil&
1283 2895 1462 2970 solvenda.
1504 2900 1595 2973 Hoc
1621 2905 1769 2996 norint,

456 3050 483 3091 „
502 2997 641 3068 nullum
661 2993 913 3067 conscientiam
934 2991 1091 3063 tribunal
1108 2990 1171 3063 nili
1194 2992 1265 3064 Dei
1284 2991 1497 3089 agnoscere,
1523 3020 1590 3068 nec
1608 2996 1769 3071 velDia·

456 3149 484 3191 „
503 3091 628 3165 bolum
647 3091 707 3164 vel
723 3092 855 3186 Papam
874 3113 1025 3178 nocere,
1045 3088 1108 3161 nili
1126 3089 1219 3181 illis,
1238 3086 1404 3187 aquibus
1423 3091 1640 3186 timeantur,
1658 3096 1769 3193 quip-

456 3247 485 3289 „
503 3216 548 3288 pe
566 3212 722 3288 quorum
742 3187 894 3260 fulmina
911 3185 986 3259 solo
1003 3189 1145 3284 crepitu
1163 3187 1305 3260 valeant
1322 3210 1395 3261 non
1412 3185 1498 3260 isin.
1515 3241 1543 3281 „

503 3294 625 3386 Atque
651 3289 731 3360 haec
749 3283 895 3358 fuerunt
912 3285 1027 3381 prima
1047 3286 1237 3382 Evangelii
1253 3286 1291 3357 in
1307 3284 1411 3359 Urbe
1428 3289 1628 3383 Grnevenst,
1656 3311 1766 3386 quam

455 3387 688 3462 Reformatio
716 3385 752 3465 &
782 3383 928 3458 liberam
955 3384 991 3457 &
1011 3384 1191 3456 celebrem
1209 3380 1386 3475 reddidit,
1413 3382 1595 3458 instaurati
1616 3384 1688 3461 live
1705 3413 1769 3463 ru·

455 3486 539 3560 dera
566 3485 638 3560 sive
663 3484 878 3558 rudimenta.
921 3480 1067 3554 Abhinc
1094 3483 1189 3553 enirn
1216 3483 1343 3577 ingens
1366 3482 1427 3554 illa
1443 3482 1569 3556 Curiae
1587 3486 1769 3561 Romanae

455 3587 492 3658 &
513 3585 611 3657 Cleri
633 3581 704 3657 late
727 3581 944 3654 dominantis
961 3577 1153 3653 aubloritas
1170 3604 1243 3651 non
1262 3574 1388 3674 parlim
1406 3581 1499 3676 apud
1519 3583 1653 3657 multos
1672 3585 1769 3659 labe·

455 3676 609 3770 sofista,
643 3682 767 3754 odium
795 3677 883 3753 verb
911 3697 1040 3751 contra
1064 3700 1199 3750 nomen
1214 3676 1465 3753 Lutherannm
1484 3680 1520 3755 ὃ(
1541 3683 1629 3754 novi
1647 3681 1769 3756 Evan-

453 3776 540 3872 gelii
561 3800 745 3871 prrecones
764 3778 930 3875 mitigata
948 3777 1061 3849 fuere.

504 3872 676 3945 Necdum
706 3894 825 3948 tamen
851 3875 894 3949 ad
913 3871 1227 3948 Reformationem
1246 3874 1352 3972 plane
1371 3879 1463 3951 ilum
1481 3875 1555 3969 est,
1582 3876 1654 3951 five
1670 3876 1769 3974 quod

450 3993 647 4069 paucorum
676 3969 819 4044 tantitm
847 3974 956 4046 animi
973 3971 1071 4046 sacro
1093 3970 1165 4046 boc
1186 3972 1268 4070 igne
1286 3975 1464 4070 calerent,
1492 3973 1564 4050 live
1582 3976 1635 4050 vis
1652 3976 1770 4070 major

1700 4069 1768 4143 ob·

471 4153 540 4279 ¹(a)
567 4141 814 4264 SbfflHEM·
840 4200 862 4261 l.
882 4220 910 4262 c.
935 4217 964 4281 p.
979 4197 1071 4277 1526.
1758 4215 1767 4272 t

488 4286 539 4365 sb)
568 4280 812 4353 SPANHEM.
838 4286 860 4346 l.
879 4302 909 4347 c.
932 4298 1067 4365 p.1527.
1124 4313 1133 4351 l
1199 4337 1201 4344 .
1476 4323 1500 4332 --
1531 4327 1533 4332 .
1722 4315 1726 4336 .

901 4641 923 4684 l
