4442 5150
1005 618 1155 711 (¹¹0)

451 739 618 816 Prol'edlo
633 740 760 817 rancidi
782 737 890 816 libelli
915 741 1042 814 nemini
1064 743 1140 813 sunt
1162 733 1383 830 detrimento,
1409 734 1577 815 linullius
1590 739 1723 816 bonam'

451 834 575 907 famam
591 837 808 909 imminuunt.
834 837 919 908 Hoc
931 836 1146 909 vehementer
1163 832 1274 918 obest,
1298 837 1394 930 quod
1408 833 1516 908 Faber
1529 836 1721 936 magnificis

452 931 633 1002 mendaciis
661 929 783 1027 paffim
806 930 1053 1028 gloriabundus
1078 927 1349 1024 depraedicabat,
1380 931 1412 1003 se
1438 931 1580 1018 vicisse,
1601 932 1720 1004 decre·

452 1022 605 1119 villeque
631 1042 674 1096 12
698 1025 809 1123 Pagos
832 1024 1096 1110 Helvetiorum,
1117 1024 1346 1122 Evangelium
1367 1026 1410 1096 de
1427 1023 1555 1096 finibus
1565 1024 1720 1129 ipsorum

452 1115 676 1212 ejiciendum,
694 1138 796 1214 atque
817 1118 1067 1213 prohibendum
1088 1115 1149 1187 vul
1178 1140 1237 1186 um
1255 1141 1276 1188 a
1294 1118 1463 1190 tectione
1485 1120 1583 1190 Novi
1597 1118 1722 1190 Testa·

389 1274 392 1281 .
453 1211 577 1300 menti,
605 1235 756 1307 quorum
771 1213 881 1284 literas
896 1213 933 1284 &
946 1235 1033 1283 cerae
1050 1138 1184 1306 signali

454 1307 499 1376 tia
517 1304 630 1377 secum
652 1305 777 1378 delerat
794 1304 944 1400 Principi
964 1305 1026 1375 suo
1050 1301 1245 1389 reddenda,
1270 1302 1366 1398 quod
1384 1299 1457 1374 fere
1474 1325 1543 1374 non
1560 1304 1720 1379 dubitant

453 1397 519 1470 elle
535 1398 768 1471 certisfimum.
814 1399 890 1492 Jam
906 1396 1007 1488 vero,
1024 1397 1074 1467 uti
1088 1394 1208 1466 veritas
1225 1396 1430 1469 &conditio
1453 1396 1721 1487 Helvetiorum,

454 1492 516 1587 qui
532 1492 676 1565 verbum
694 1492 781 1589 pure
797 1491 965 1580 afferunt,
995 1511 1070 1564 turn
1083 1489 1174 1584 apud
1185 1512 1245 1560 eos
1259 1513 1304 1560 un
1332 1513 1410 1561 uam
1423 1514 1483 1586 qur
1497 1491 1600 1563 Fabri
1616 1489 1722 1563 fabri·

453 1609 529 1658 cam
547 1591 718 1684 ignorant,
741 1587 893 1660 vanitatis
913 1610 932 1658 a
976 1604 1066 1658 uent.
1086 1580 1281 1655 Probissrmi
1340 1583 1455 1656 elvetii
1474 1606 1614 1682 propter
1631 1584 1724 1659 illius

456 1680 735 1775 impudentissimi
755 1681 857 1754 Fabri
879 1680 939 1753 soli
964 1698 1017 1752 ani
1042 1677 1251 1766 vanitatem,
1274 1676 1319 1748 fic
1341 1679 1531 1751 mentientis
1548 1679 1624 1752 illos
1641 1700 1724 1776 pro·

447 1774 626 1853 ,nuncialle
652 1771 872 1862 sententiam,
897 1798 999 1863 quam
1019 1773 1140 1869 partim
1161 1793 1206 1842 ex
1233 1769 1381 1866 profeffo
1402 1773 1589 1846 etiamnum
1609 1773 1725 1869 impu·

1188 1211 1358 1304 ujusmodi
1375 1212 1551 1282 decretum
1561 1211 1720 1283 attestan-

303 1922 306 1926 Α
388 1909 392 1916 -
456 1886 577 1973 gnant:
603 1867 718 1940 Nobis
732 1867 825 1940 uerte
840 1869 1027 1941 obscurum
1039 1862 1185 1954 nonest,
1210 1864 1293 1959 quid
1317 1867 1489 1954 Bernates,
1513 1868 1597 1963 quid
1620 1866 1724 1941 vestri

372 1975 374 1979 ·
457 1982 530 2031 imo
543 1960 661 2050 nostri,
678 1961 874 2034 balileeosts
891 1963 927 2034 ὃ(
949 1961 1088 2058 quidum
1104 1958 1159 2031 alii
1176 1981 1215 2029 m
1238 1960 1272 2030 in
1290 1983 1326 2034 re
1342 1959 1483 2057 publice
1506 1961 1724 2036 meditentur.

459 2054 593 2126 Verum
612 2054 657 2126 fic
682 2057 758 2128 sunt
772 2074 944 2146 tempora,
971 2073 1009 2127 ut
1021 2051 1245 2152 ignavisfimis
1262 2051 1352 2126 fucis
1366 2055 1458 2151 apud
1474 2054 1724 2128 conlatisfimos

459 2146 500 2220 lit
515 2166 646 2220 tantum
665 2148 748 2238 loci,
769 2168 900 2224 tantum
918 2147 1128 2221 audtoritatis
1143 2171 1182 2220 ac
1194 2149 1357 2241 nominis3
1390 2149 1468 2222 Erit
1505 2150 1617 2223 uando
1629 2149 1725 2223 tech'·

459 2242 511 2313 nir
523 2243 634 2315 minus
653 2242 840 2333 tribuetur,
862 2245 967 2319 modo
984 2243 1023 2317 fit
1038 2242 1221 2339 aliquando
1239 2242 1297 2315 sua
1312 2244 1458 2343 dignitas
1475 2171 1591 2317 lutura
1601 2243 1724 2319 Ve'rbo

461 2337 630 2427 Domini,
656 2354 760 2446 quim
775 2338 868 2413 certe
888 2341 1036 2437 potentia
1060 2338 1153 2411 orbia
1175 2337 1238 2408 hac
1257 2338 1453 2436 tempestate
1471 2357 1646 2436 nunquam
1664 2361 1727 2413 ex·

459 2431 598 2521 eludet,
618 2454 701 2530 quin
716 2450 913 2533 oppugnata
933 2433 1054 2507 clarior
1073 2430 1242 2505 elucescet
1261 2432 1402 2540 semper.
1450 2432 1543 2506 Haec
1559 2450 1673 2507 tecum
1686 2432 1729 2503 ti·

394 2574 396 2577 -
460 2524 537 2598 buit
551 2525 973 2624 fimplicioer&carrdide,
989 2527 1097 2603 nolitn
1117 2547 1230 2601 tamen
1250 2545 1289 2600 ut
1303 2529 1397 2604 dista
1415 2545 1641 2624 putermetu,
1667 2539 1730 2601 rut
1792 2596 1796 2601 .

461 2623 602 2695 cavendi
620 2641 751 2698 tanturn
775 2623 910 2726 negocii
932 2626 1053 2700 oattsa:
1087 2622 1190 2697 Nolo
1206 2626 1295 2696 enim
1322 2646 1413 2722 quen
1441 2645 1519 2696 uam
1540 2622 1728 2722 quicquam

461 2716 637 2791 meicausa
650 2720 705 2793 vel
719 2721 875 2795 omittere
887 2720 1087 2809 vellicere,
1109 2720 1208 2817 quod
1220 2718 1254 2790 in
1270 2720 1415 2819 gloriam
1490 2718 1519 2810 ‘,
1536 2720 1579 2791 td
1591 2716 1733 2791 illustrit

461 2811 652 2887 Basileenfia
663 2818 805 2890 Senatus
817 2816 1069 2904 austoritatem,
1085 2836 1150 2888 ‘aut
1162 2816 1205 2887 od
1223 2815 1454 2912 Integritatern
1472 2833 1565 2886 tuam
1583 2810 1731 2907 spetlett

462 2906 556 2992 lmb,
583 2908 695 3003 siquis
707 2910 882 3007 suggeret,
904 2935 980 3004 quo
989 2909 1091 3005 paeto
1102 2908 1298 2999 ipsemdem
1312 2909 1459 3000 podem,
1481 2904 1633 2999 partibus
1647 2904 1731 2973 meis

462 3000 846 3073 nonesletndefuturus.
866 3003 984 3091 Quare
993 2999 1213 3071 observabilis
1233 2997 1311 3084 Vir,
1332 2999 1405 3069 esto
1425 2997 1569 3069 liberum
1588 3013 1648 3091 pet
1660 3013 1731 3085 me,

462 3107 504 3160 ut
521 3089 586 3160 ida
630 3115 667 3178 s,
689 3092 784 3188 quod
797 3092 1000 3181 adiutores,
1024 3108 1157 3165 tantum
1176 3088 1340 3175 annitere,
1365 3091 1504 3183 nequid
1519 3086 1731 3184 praeterglo·

463 3183 547 3252 riam
611 3185 641 3254 ei
664 3184 700 3256 &
724 3184 851 3279 absque
872 3187 1009 3257 decoro.
1047 3183 1174 3274 Porro,
1190 3181 1311 3277 liquid
1326 3183 1374 3256 est
1384 3205 1455 3279 qua
1468 3182 1616 3253 inretne
1631 3180 1732 3269 velit,

463 3275 642 3376 diligenter
659 3273 829 3376 significa,
852 3278 966 3352 multb
986 3276 1182 3377 diligentius
1204 3277 1238 3351 id
1256 3273 1424 3366 efficiam,
1451 3277 1558 3350 modo
1577 3274 1614 3347 fit
1634 3275 1731 3369 quod

463 3370 690 3444 Christianam
708 3372 950 3445 Profelfiooem
961 3375 1094 3462 deceat,
1121 3373 1204 3446 ficut
1217 3372 1310 3446 certe
1322 3373 1423 3464 nihil,
1446 3394 1531 3445 utet
1545 3370 1735 3460 virbonus„

465 3468 635 3565 petiturus
653 3468 799 3563 videtis,
823 3469 884 3542 nili
897 3469 1146 3567 aequisfimum.
1182 3468 1268 3545 Vale
1286 3469 1321 3541 in
1340 3467 1503 3542 Domino.

1179 3658 1215 3734 d.
1227 3657 1259 3734 8.
1278 3657 1376 3756 Jutii.
1400 3660 1505 3734 Anno
1533 3653 1638 3755 1526.
1701 3750 1704 3755 ι

1485 4039 1572 4116 ,Νο.
1597 4031 1740 4112 XVlll.
