4442 5150
1023 479 1172 577 (149)

462 613 580 690 stantia
602 613 740 688 ferenda
761 615 848 705 effe,
875 637 942 711 qua
965 631 1003 685 tu
1021 630 1114 684 tuam
1133 610 1474 705 fersrcottditiouem
1501 614 1674 717 intelligo,
1697 617 1723 691 fi

449 710 534 782 'ulla
548 713 581 783 in
599 734 654 782 me
672 710 746 781 ilias
760 712 800 783 ad
826 734 874 783 res
891 712 1008 781 idonea
1025 706 1062 777 stt
1082 707 1233 779 facultas.
1277 706 1447 804 Experior
1464 712 1617 805 quotidie
1635 736 1724 785 meas

465 805 569 896 vires,
592 804 704 876 minus
717 805 870 899 quotidie
883 803 1009 882 (ficme
1022 799 1119 873 Deus
1136 804 1240 886 amet)
1254 805 1405 897 reperio,
1429 827 1532 898 quam
1550 805 1719 898 sperabam

462 898 550 993 ipse,
571 923 673 994 quam
693 898 841 971 tribuant
858 896 970 970 amici.
1018 896 1149 968 Animo
1165 898 1367 982 concutior,
1393 899 1525 992 quoties
1540 902 1582 969 ad
1603 901 1722 993 praele-

383 1044 387 1047 -
459 997 610 1091 gendum
621 988 751 1066 acccffi.
766 996 855 1066 Sunt
866 993 940 1065 haec
951 990 986 1062 in
998 989 1054 1061 illa
1068 1011 1170 1084 parte.
1187 991 1296 1061 Nunc
1308 991 1386 1064 vide
1399 1016 1477 1087 quie
1490 992 1551 1064 fint
1564 992 1597 1063 io
1609 992 1721 1068 altera.

507 1089 664 1161 Primum
684 1090 864 1176 omnium,
886 1086 973 1173 essc,
995 1083 1054 1156 ubi
1075 1083 1181 1156 verbo
1198 1084 1261 1154 Dei
1275 1084 1313 1157 fit
1332 1085 1444 1174 locus,
1470 1086 1649 1182 percnum,
1671 1086 1721 1158 ef-

461 1180 579 1281 fugere
603 1181 848 1255 Pharisaeorum
875 1178 1153 1271 consuetudinem
1179 1179 1329 1266 vellem,
1365 1180 1430 1251 css'e
1448 1201 1558 1254 tecum
1580 1181 1721 1273 vellem,

462 1274 497 1347 in
518 1276 576 1348 ista
594 1274 677 1347 urbe
695 1276 835 1349 vellem:
862 1279 895 1347 in
912 1298 949 1346 ea
965 1295 1086 1371 gente,
1108 1297 1188 1368 quae
1209 1274 1324 1344 eadem
1350 1274 1386 1346 δι
1407 1272 1663 1362 humaniffima,
1681 1277 1721 1350 ὅ(

460 1367 635 1444 fortiffima
655 1371 785 1467 semper
803 1371 885 1443 suit:
910 1392 1020 1463 neque
1036 1391 1091 1439 me
1113 1366 1183 1438 ulla
1201 1391 1251 1441 res
1269 1390 1486 1460 moraretur,
1508 1372 1566 1443 nisi
1587 1395 1641 1443 me
1653 1369 1720 1443 mei

460 1463 586 1564 ingenii
598 1465 755 1554 tenuitas,
783 1467 819 1539 δι
832 1465 929 1538 toties
942 1462 1137 1559 periclitatae
1151 1462 1238 1533 vires
1248 1463 1439 1548 suaderent,
1460 1485 1499 1536 ut
1509 1466 1552 1538 ab
1564 1466 1630 1539 hoc
1644 1488 1720 1536 mu·

459 1583 540 1633 nere
558 1559 641 1632 mihi
660 1577 904 1654 temperarem,
925 1558 967 1631 ad
987 1556 1137 1630 studium
1155 1555 1326 1652 privatum
1344 1558 1440 1653 quod
1464 1583 1518 1632 me
1539 1561 1641 1635 aleret
1662 1560 1720 1634 de·

460 1652 646 1728 flcdierem.
693 1653 786 1725 Haec
804 1676 870 1750 ego
895 1676 956 1726 nec
976 1651 1085 1738 lucri,
1106 1672 1169 1754 nec
1185 1649 1390 1724 liberalitatis
1408 1654 1528 1726 vestrae
1553 1656 1720 1729 tentandae

458 1748 566 1843 gratia
591 1744 712 1818 scribo.
732 1746 776 1819 stc
798 1747 881 1818 mihi
898 1745 1057 1821 Christus
1074 1744 1165 1816 testis
1181 1743 1240 1814 est.
1284 1746 1348 1817 Sed
1362 1767 1399 1818 ut
1415 1767 1476 1820 tuo
1489 1749 1629 1822 consilio
1644 1768 1721 1821 ure·

458 1863 533 1914 rer:
555 1839 613 1913 cui
627 1861 696 1911 tem
711 1863 846 1912 omnem
863 1843 906 1912 ita
917 1839 1125 1913 committam
1138 1857 1197 1925 ,ut
1211 1837 1376 1936 quicquid
1389 1861 1425 1913 tu
1444 1842 1580 1932 statuas,
1604 1844 1637 1918 id
1652 1867 1718 1940 ego

457 1956 625 2030 quantum
638 1934 780 2007 omnino
794 1934 888 2026 licet,
911 1935 970 2008 sim
988 1933 1135 2006 maxime
1149 1931 1343 2022 secuturus,
1364 1936 1461 2031 quod
1481 1936 1622 2026 fimihi‚
1644 1937 1718 2010 lite·

458 2029 521 2118 ris,
543 2029 616 2118 fibi,
643 2027 750 2101 vestra
767 2030 926 2128 Respub.
943 2029 1025 2103 velit
1042 2027 1128 2101 bene
1146 2025 1362 2116 consultum,
1386 2031 1431 2102 fic
1442 2053 1508 2128 ego
1520 2031 1655 2121 censeo,
1676 2052 1717 2104 ιιι

457 2120 566 2199 diuo
597 2121 738 2197 confilio
776 2132 944 2224 nusquam
979 2121 1147 2200 deflectat.
1182 2121 1278 2199 Vale.
1324 2123 1599 2227 Heidelbergae,
1638 2123 1716 2202 Cal.

456 2217 674 2313 Aprilium.
1062 2313 1098 2388 C

458 2562 466 2578 .
502 2499 582 2598 Jo.
602 2497 1116 2583 oucouaturantua
1141 2501 1362 2579 stuout
1387 2477 1668 2581 carduo

674 2609 854 2675 erucarum
871 2609 1060 2676 Lr'rerarum
1072 2602 1233 2695 Profeffori
1245 2598 1500 2702 Heidelbergenſs

933 2695 1086 2794 perchara
1106 2705 1218 2771 amico.

545 2881 710 2959 RATIA
735 2883 773 2959 &
789 2886 885 2982 parti
903 2888 1055 2963 Christo.
1104 2886 1223 2964 Ledus
1234 2914 1337 2986 quam
1350 2879 1599 2988 diligentissime
1611 2887 1716 2961 literis

454 3045 461 3055 .
565 2979 655 3067 tuis,
683 2979 837 3073 Grynaee
857 2977 1066 3072 dulciffime,
1088 3004 1256 3080 quantum
1272 2986 1476 3058 exhilaratus
1500 2984 1585 3070 fim,
1605 3006 1715 3079 quan·

457 3087 533 3143 tum
551 3072 742 3176 gestierim²
762 3073 873 3148 dicere
893 3100 962 3148 nou
980 3076 1132 3174 polium:
1165 3076 1261 3174 spero
1281 3081 1371 3153 enim
1400 3078 1516 3152 Deum
1538 3076 1652 3174 aliqua
1670 3100 1716 3151 ex

456 3186 551 3261 parte
569 3167 657 3239 votis
672 3189 755 3239 mets
778 3169 994 3266 respondere,
1018 3193 1057 3247 ut
1082 3173 1278 3269 propediem
1294 3176 1336 3260 ad
1356 3198 1417 3245 nos
1435 3172 1571 3272 migres.
1618 3171 1715 3243 Nam

457 3259 542 3331 dum
569 3259 724 3350 confero,
749 3262 828 3336 hinc
842 3288 923 3359 quae
948 3287 981 3339 re
1018 3267 1225 3355 absterrent,
1247 3269 1285 3342 δι
1308 3267 1385 3341 iude
1407 3290 1536 3363 quarte
1556 3265 1717 3355 invitant,

456 3355 571 3426 multo
580 3355 727 3459 ampiius
743 3360 908 3433 momenti
920 3360 954 3433 in
972 3360 1023 3434 his
1036 3361 1139 3436 video
1152 3362 1272 3452 situm,
1296 3386 1376 3459 quae
1393 3385 1427 3436 te
1439 3362 1538 3437 nobis
1553 3362 1713 3451 statuant,

455 3468 558 3543 quam
577 3452 613 3521 in
630 3449 683 3521 hu
699 3472 778 3545 qua:
795 3452 816 3524 a*
831 3452 931 3528 nobis
945 3454 1146 3530 abstrahant.

451 3605 452 3608 ,
502 3541 651 3615 Gaudeo
672 3564 749 3649 ante
765 3550 898 3637 omnia,
924 3553 1037 3623 animo
1059 3571 1091 3624 te
1113 3551 1297 3645 predium
1318 3552 1361 3626 ad
1382 3551 1532 3627 divinam
1560 3552 1713 3627 vocatio·

453 3656 538 3740 nem
562 3653 630 3707 tam
660 3633 758 3710 facite
774 3640 934 3736 sequaci,
965 3665 1005 3717 ut
1020 3667 1083 3717 nec
1104 3648 1222 3741 patriae
1243 3646 1357 3737 fines,
1390 3671 1454 3722 nec
1478 3667 1656 3746 pareutum
1672 3668 1713 3718 ac

450 3752 642 3836 amicorum
664 3729 939 3839 consuetudinem
956 3737 1107 3835 spedies,
1135 3741 1303 3816 morarive
1325 3761 1358 3815 te
1380 3740 1486 3836 finis,
1510 3745 1618 3855 fiquo
1649 3761 1713 3812 vo·

452 3843 508 3901 cet
530 3822 705 3900 Domutus
725 3826 825 3925 plane
852 3832 925 3931 sper
951 3832 1118 4004 est‚'lituc
1145 3855 1178 3910 te
1191 3889 1204 3927 ,
1234 3836 1296 3911 illo
1322 3832 1532 3935 potiffimum
1551 3836 1713 3939 jubente,

1082 3949 1106 4030 3
1653 3955 1709 4008 ac·
