4442 5150
448 633 522 716 304
640 605 1509 689 Htsronrnevanontrr
1654 609 1761 711 1526.

499 745 638 814 Interea
662 739 772 828 verb,
808 758 1005 834 quanquam
1035 733 1084 804 ita
1111 734 1323 807 Conventus
1341 735 1400 806 bic
1417 735 1461 806 ad
1481 735 1667 832 praefixam
1686 763 1763 814 non

453 840 654 934 adtingeret
681 860 810 910 metam
839 859 903 905 nec
931 832 1043 902 causae
1063 834 1220 903 veritatis
1237 832 1424 902 allereudae
1444 834 1637 906 admodum
1657 836 1765 909 inser·

454 943 569 1030 viret,
603 939 737 1032 quippe
763 936 824 1028 qui
851 952 1052 1037 priusquam
1081 930 1270 1000 inchoatus
1296 929 1402 1021 esset,
1434 933 1506 1024 jam
1525 933 1764 1029 abrumpeba-

455 1055 537 1123 tur,
573 1034 664 1104 idem
684 1054 802 1104 tamen
823 1033 951 1099 mirum
972 1024 1174 1111 trimodum
1197 1027 1383 1122 Evangelii
1402 1028 1540 1099 cursum
1561 1032 1596 1100 iu
1614 1033 1766 1106 Rbaetia

452 1133 664 1224 promovit,
702 1128 821 1224 sicque
841 1150 901 1221 per
921 1121 1030 1219 ipsam
1048 1122 1325 1194 Pontificiorum
1345 1149 1427 1194 cum
1451 1129 1664 1219 imperitiam
1684 1151 1766 1203 tum

455 1229 719 1320 impudentiam
734 1227 874 1296 veritati
893 1227 934 1292 ad
956 1223 1072 1312 plures
1090 1220 1313 1312 proferendae
1334 1221 1490 1314 profuit:
1520 1225 1765 1321 Praeterquam

454 1326 548 1394 enirn
570 1326 666 1419 quod
682 1348 725 1396 ex
745 1323 826 1416 ipsis
840 1317 1118 1391 Pontificiorum
1133 1318 1396 1411 sacerdotibus,
1414 1320 1545 1415 septem
1557 1323 1686 1397 abinde
1699 1328 1765 1398 Pa·

456 1423 573 1516 pisnro
604 1424 775 1493 nuncium
804 1423 1019 1507 mitterent,
1062 1414 1268 1510 Optimares
1295 1440 1439 1510 quoque
1466 1420 1515 1511 (a)
1542 1420 1765 1496 Rhaetorum

455 1517 556 1592 brevi
584 1521 686 1614 post,
714 1520 803 1588 hanc
822 1515 1002 1612 publicam
1023 1513 1137 1606 legem
1158 1515 1457 1607 promulgarunt,
1492 1568 1518 1607 „
1537 1537 1578 1588 ut
1596 1518 1766 1594 omnibus

454 1664 482 1708 „
501 1642 542 1689 ac
573 1615 737 1712 finguIis,
773 1619 1020 1708 cujuscunque
1039 1608 1258 1681 conditionis
1275 1610 1405 1700 essent,
1432 1613 1524 1684 intra
1542 1617 1765 1692 Rhaetorum

454 1765 482 1804 „
502 1714 589 1786 fines
608 1711 868 1800 incolentibus,
895 1711 1045 1780 liberum
1065 1707 1150 1777 esset
1169 1711 1225 1778 vel
1245 1707 1473 1779 Pontificiam
1494 1712 1549 1782 vel
1569 1713 1765 1812 Evangeli-

455 1863 483 1904 „
504 1837 581 1884 cam
611 1812 820 1907 religionem
849 1804 1017 1901 amplesli
1043 1804 1081 1875 ὃ(
1108 1803 1284 1897 profiteri.
1303 1858 1329 1898 „
1373 1807 1557 1881 Caverunt
1574 1811 1767 1908 deinceps,

455 1933 500 1979 ne
528 1911 604 2000 quis
631 1929 832 2002 quenquam
851 1903 1007 1974 adversae
1023 1907 1131 1994 partis
1148 1902 1327 1991 odiosius,
1354 1904 1501 1998 publice
1521 1908 1577 1979 vel
1595 1911 1766 2002 privatim

455 2005 703 2096 insectaretur,
729 2024 791 2073 aut
809 2001 1035 2073 coutumeliis
1053 1997 1234 2084 afficeret,
1265 2002 1504 2075 instaurarunt
1523 2002 1633 2099 porrb
1648 2007 1767 2104 legem

451 2103 527 2198 jam
554 2103 701 2174 antebac
728 2101 833 2171 latam
861 2100 897 2171 ὅ(
925 2096 1197 2186 confirmatam,
1231 2121 1318 2188 „ut
1343 2100 1515 2172 antistites
1537 2102 1767 2179 ecclesiarum

351 2278 353 2284 ,
453 2224 545 2293 „ex
573 2199 643 2272 sola
670 2201 776 2271 Sacra
804 2199 990 2291 Scriptura
1017 2193 1065 2264 V.
1094 2194 1131 2266 ὅ(
1162 2195 1216 2264 Ν.
1245 2197 1295 2267 Τ.
1330 2195 1767 2293 suampuriffimehauri·
1876 2274 1881 2285 ,

454 2350 481 2390 „
501 2317 585 2370 rent
606 2322 645 2369 ac
672 2298 852 2368 traderent
879 2293 1106 2382 docuinam,
1149 2312 1262 2388 utque
1288 2297 1487 2390 peregrinae
1514 2321 1635 2370 omnes
1661 2298 1767 2374 sestae

453 2448 481 2489 „
502 2404 597 2483 (nam
627 2395 664 2467 ὃς
692 2391 944 2487 anabaptistica
970 2391 1094 2461 deliria
1122 2390 1181 2462 bic
1204 2389 1474 2488 spargebantur)
1493 2397 1641 2469 Rhaetia
1657 2398 1766 2472 dece·

453 2546 482 2586 „
500 2492 582 2564 dere
608 2511 838 2591 cogerentur.
856 2543 883 2584 „
925 2489 996 2563 His
1022 2487 1189 2560 ornnibus
1215 2490 1430 2583 accedebat,
1465 2494 1562 2589 quod
1590 2494 1697 2568 iidetn
1722 2495 1769 2572 ad

454 2592 540 2663 Kal.
577 2591 736 2684 Quintil.
772 2592 877 2684 hujus
910 2589 990 2661 anni
1019 2599 1122 2678 1526.
1165 2610 1308 2682 quoque
1337 2614 1445 2662 novas
1473 2594 1569 2690 leges
1597 2596 1769 2671 ruodecirrt

453 2689 613 2763 articulis
640 2687 909 2786 comprehensas
936 2685 1170 2777 Reipublicae
1198 2687 1405 2759 commodas
1431 2686 1592 2780 ferrent,
1637 2693 1768 2790 quibus

452 2787 659 2884 Episcopus
686 2785 867 2862 Curiensrs
897 2780 1142 2857 &sacrificuli
1163 2785 1378 2856 inordinem
1398 2784 1477 2861 sunt
1496 2787 1649 2883 redasli,
1675 2816 1711 2865 v.
1728 2814 1769 2891 g.

452 2889 558 2986 Quod
573 2887 724 2959 Clericis
745 2884 1038 2970 interdiceretur,
1064 2905 1109 2952 ue
1130 2880 1192 2952 sibi
1210 2882 1440 2977 desrgnandi,
1467 2890 1609 2961 creandi
1627 2889 1686 2963 vel
1703 2915 1768 2988 ap·

347 3056 349 3058 ,
453 2984 629 3078 probandi
655 2982 903 3081 magistratus,
937 2980 1034 3071 quod
1056 2976 1221 3049 haetenus
1243 2978 1305 3050 srbi
1324 3005 1596 3079 irrogaverant,
1623 3011 1770 3085 arroga-

453 3101 535 3152 rent
554 3081 791 3179 potestatem
819 3079 924 3247 {aad
939 3076 981 3145 iis
999 3076 1059 3170 qui
1078 3074 1123 3144 ab
1143 3075 1335 3173 Episcopis
1355 3081 1391 3153 ὅ(
1408 3103 1532 3153 eorum
1552 3079 1769 3159 officialibus

449 3201 555 3253 erant
575 3179 794 3266 constituti,
820 3201 838 3246 a
866 3177 1035 3245 imeretur
1053 3174 1283 3268 privilegium
1304 3180 1533 3270 comparendi
1552 3181 1587 3249 in
1606 3180 1768 3252 Rbaeto·

453 3302 533 3351 rum
562 3274 824 3365 conventibus,
858 3270 1080 3365 usquedum
1109 3268 1141 3343 se
1167 3296 1264 3344 novo
1290 3276 1493 3368 juramento
1513 3273 1595 3369 ipsrs
1615 3274 1768 3348 Ordini-

454 3375 521 3448 bus
556 3370 842 3458 adstrinxissent;
888 3370 992 3469 Quod
1023 3369 1111 3440 nulli
1141 3371 1293 3467 amplius
1320 3372 1484 3443 monachi
1512 3373 1569 3443 vel
1596 3376 1768 3451 moniales

454 3476 491 3545 in
529 3472 738 3545 monasteria
774 3470 886 3565 recipi
913 3466 1115 3552 deberent3
1160 3471 1264 3570 ,Quod
1289 3492 1394 3558 penes
1419 3472 1697 3546 communitates
1724 3476 1768 3547 li·

453 3571 537 3642 bera
572 3572 703 3644 abhinc
738 3567 806 3641 ell‘e
840 3568 967 3639 debeat
1001 3564 1153 3661 potestas
1180 3564 1406 3637 conducendi
1433 3564 1621 3662 pastores,
1665 3575 1771 3671 Quod

454 3668 570 3739 omnis
596 3669 640 3740 ad
668 3670 892 3764 Episcopum
920 3665 1137 3762 provocatio
1163 3661 1248 3734 esset
1274 3660 1408 3737 sublata
1418 3696 1430 3749 3
1477 3669 1582 3765 Quod
1605 3671 1702 3743 nulla
1719 3673 1770 3744 sa·

455 3763 643 3858 cerdotia,
685 3790 751 3838 nec
779 3769 816 3839 in
843 3762 1003 3861 capitulo
1030 3757 1205 3835 beneficia
1232 3755 1388 3832 conserti
1416 3762 1568 3840 debeant
1594 3769 1768 3857 advenis3

454 3861 569 3936 ctsrtn.

503 3958 673 4058 Inprimis
691 3956 780 4034 verb
798 3962 955 4037 civitatis
971 3955 1269 4034 CURIENSIS
1281 3957 1513 4036 Reformatio
1531 3961 1690 4063 sequenti
1702 3961 1773 4035 sta«

1604 4074 1613 4089 ·
1700 4062 1769 4138 tim

490 4266 540 4352 (a)
565 4268 627 4336 vu.
653 4265 904 4339 Hortum.
928 4268 1010 4337 nrt.
1034 4266 1129 4338 acer.
1154 4267 1226 4339 see.
1244 4266 1343 4338 xvi.
1368 4268 1416 4338 τ.
1433 4270 1495 4339 111.
1519 4286 1588 4355 pag.
1604 4268 1678 4350 ⁶41.
