4442 5150
460 635 629 734 Auses,
793 605 833 707 R
882 631 915 706 E
963 619 1007 705 N
1057 620 1182 706 O'V
1231 633 1265 708 A
1313 637 1351 713 Τ
1401 639 1432 713 Ι.
1700 657 1770 747 213·

460 767 500 844 ἃ
528 761 815 864 imprudentibus
842 789 914 836 non
938 765 1053 836 minus
1071 788 1176 859 quam
1195 764 1320 839 severis
1339 769 1491 843 Lutberi
1510 773 1769 852 monitionibus

458 864 650 955 obsistere,
676 884 782 957 atque
800 886 843 933 ne
862 865 882 933 a
899 861 932 934 se
951 864 1105 935 invicem
1125 863 1386 960 separarentur,
1412 870 1510 940 omni
1529 871 1604 944 nisu
1622 898 1767 968 curare,

457 963 543 1037 dum
562 985 634 1034 non
653 957 905 1031 tantummodi>
923 984 985 1057 per
1004 962 1114 1032 varias
1132 961 1248 1034 literas
1267 965 1442 1035 Saxonem
1462 991 1501 1038 ea
1521 968 1563 1040 de
1575 994 1770 1065 remonet,

458 1081 589 1159 atque,
618 1082 722 1155 quam
753 1057 812 1130 ille
833 1057 1003 1130 articulus
1022 1059 1059 1131 de
1078 1063 1178 1130 Coena
1197 1085 1268 1130 non
1289 1063 1377 1133 tanti
1398 1060 1439 1134 srt
1460 1070 1655 1159 momenti,
1682 1072 1769 1141 edo·

457 1178 535 1249 cet,
572 1158 695 1254 quanti
724 1155 792 1227 sint
820 1156 894 1246 illi,
929 1158 989 1251 qui
1016 1156 1058 1227 de
1084 1155 1156 1227 fide
1175 1158 1211 1228 bc
1232 1156 1341 1230 salute
1358 1180 1493 1256 agunt;
1521 1181 1627 1258 atque
1645 1166 1767 1259 addit,

456 1307 485 1350 „
503 1254 673 1353 Theolagas
689 1253 817 1348 semper
843 1254 962 1326 habere
990 1253 1063 1346 (a),
1097 1256 1275 1349 dequibus
1301 1257 1487 1349 disputent,
1523 1284 1579 1333 nec
1602 1267 1768 1336 erroribus

455 1379 641 1448 „carere,
684 1353 781 1447 quod
817 1351 874 1422 vel
909 1353 1076 1448 exemplo
1102 1352 1256 1423 Lutheri
1285 1376 1428 1449 pateat,
1470 1357 1532 1450 qui
1561 1358 1768 1455 Georgium

453 1503 482 1547 ,‚
501 1452 668 1527 Saxoniae
698 1451 842 1521 Ducem
869 1472 984 1543 nuper
1010 1449 1270 1522 contumeliose
1298 1450 1523 1546 mallaverit,
1558 1455 1594 1528 &
1625 1457 1768 1552 islebii,

454 1551 564 1648 „qui
591 1549 627 1620 iu
655 1546 752 1619 edito
780 1546 1054 1640 proverbiorum
1083 1545 1206 1618 libello
1226 1548 1395 1621 Ulricum
1416 1552 1767 1649 Wirtembergidum

455 1700 483 1742 „
502 1650 647 1721 Ducem
675 1643 933 1739 exagitaverit;
954 1693 981 1734 ,‚
1024 1641 1094 1716 Sed
1108 1645 1173 1740 &r
1201 1646 1364 1718 instituto
1382 1649 1500 1720 amico
1519 1650 1612 1734 inter
1629 1673 1766 1725 utram·

456 1769 527 1842 que
560 1764 695 1842 partem
724 1740 954 1837 Colloquio,
997 1739 1097 1835 quod
1122 1744 1307 1839 Marburgr'
1331 1745 1626 1839 convocabatur,
1670 1751 1794 1826 hunc⁴

455 1840 571 1938 ipsum
591 1838 796 1913 offenfionis
815 1839 967 1934 lapidem
988 1835 1008 1908 ὲ
1027 1838 1145 1909 medio
1164 1839 1341 1913 sustollere
1359 1843 1594 1916 allaborabat:
1625 1846 1684 1919 De
1694 1874 1767 1946 quo

357 1953 372 2019 ᾗ
456 1960 575 2014 tamen
604 1937 803 2033 Colloquio
830 1961 912 2009 cum
940 1937 977 2007 in
1004 1936 1165 2006 Historia
1183 1938 1323 2009 Diffidii
1342 1940 1611 2014 Sacramentarii
1632 1944 1767 2040 specia-

454 2037 523 2110 lius
550 2036 728 2135 agendum
757 2034 860 2106 nobis
888 2033 953 2127 fit,
986 2057 1082 2106 nunc
1109 2034 1276 2108 brevitati
1306 2037 1480 2111 studentes
1507 2037 1685 2137 sequentia
1710 2044 1766 2116 so-

454 2133 643 2210 lummodb
670 2155 848 2205 notamus.
895 2155 924 2203 r.
952 2131 1065 2223 Quod
1092 2131 1275 2207 Lutberus
1300 2138 1400 2206 omni
1426 2159 1559 2211 conatu
1578 2140 1612 2213 id
1630 2141 1767 2227 subter·
1824 2135 1826 2137 ¹

454 2232 581 2331 fugere
608 2233 791 2322 voluerit,
835 2230 970 2325 quippe
995 2230 1056 2324 qui
1084 2230 1122 2303 bc
1150 2232 1186 2302 d.
1216 2254 1272 2325 23.
1297 2233 1396 2323 Junii
1424 2233 1467 2305 ad
1495 2231 1766 2334 Landgravium

455 2330 614 2429 scripsrt,
633 2331 846 2429 rogavitque
866 2342 962 2398 uste
982 2327 1016 2396 in
1036 2350 1178 2399 omnem
1201 2349 1335 2424 partem
1355 2331 1548 2426 diligenter
1557 2336 1700 2408 cuculla
1711 2338 1766 2432 (b)

454 2432 664 2527 „cogitare
688 2427 822 2517 vellet,
856 2423 974 2514 utilis,
1001 2448 1044 2495 an
1065 2425 1201 2497 inutilis
1221 2426 1298 2498 talis
1318 2428 1521 2524 congrellus
1541 2430 1681 2505 futurus
1702 2435 1776 2508 stt:-

455 2551 588 2625 „cum
608 2524 828 2622 Zwingliani
846 2545 981 2595 errores
1000 2520 1077 2595 suos
1095 2524 1158 2594 vix
1178 2521 1245 2597 lint
1264 2526 1441 2621 agnituri,
1469 2527 1540 2623 ipse
1558 2527 1768 2607 sententiam

455 2678 483 2719 „
500 2625 597 2698 suam
626 2617 777 2717 abjicer'e
800 2646 871 2693 non
891 2619 1004 2717 pollet
1016 2653 1028 2707 3
1050 2672 1077 2712 „
1121 2621 1171 2692 Et
1189 2621 1355 2717 deinceps
1373 2621 1515 2716 denub,
1541 2627 1625 2700 dato
1646 2629 1768 2728 singu·

455 2723 520 2797 lari
547 2721 675 2817 procul
701 2719 812 2792 dubio
837 2718 879 2790 ad
904 2720 1103 2812 Johanncm
1125 2717 1328 2791 Eleelorem
1350 2720 1533 2815 Responso
1552 2724 1768 2820 declaravit,

455 2872 484 2916 „
511 2817 546 2892 se
572 2818 691 2889 animo
717 2817 759 2887 ad
786 2817 873 2887 nibil
901 2814 1172 2888 concedendum
1200 2815 1393 2891 obfirmato
1420 2818 1472 2912 (c)
1500 2819 1766 2918 adventurum,

453 2971 481 3012 „
509 2917 595 2991 dum
616 2936 790 2989 metueret
809 2916 983 3009 argutiam
1001 2912 1301 3007 adversariorum,
1322 2915 1359 2991 ὅ(
1378 2915 1476 3014 quod
1489 2917 1667 3013 judicaret
1686 2924 1766 2996 nul-

454 3069 483 3110 „
508 3016 577 3090 lam
597 3013 856 3088 emendationis
870 3011 964 3105 spem
975 3011 1018 3083 de
1029 3013 1221 3109 praecipuis
1232 3013 1507 3088 adversariorum
1519 3018 1597 3113 capi
1610 3017 1726 3116 polle:
1740 3076 1767 3117 „

452 3114 619 3189 Unde&
640 3111 946 3206 Oecolampadius
966 3110 1020 3204 (d)
1046 3110 1096 3183 de·
1110 3112 1394 3186 Melanchthone
1416 3115 1465 3185 ita
1483 3114 1627 3190 scribit:
1653 3120 1767 3195 Poru-

451 3217 522 3309 iffet
538 3219 599 3310 ipſs
616 3238 688 3286 cum
697 3212 772 3309 suis
783 3208 949 3305 satisfieri
959 3261 970 3298 ,
988 3214 1022 3302 fi
1040 3225 1110 3281 tarn
1122 3218 1277 3307 purgatis
1293 3212 1472 3307 adfurffenr
1487 3218 1646 3305 auribus,
1669 3243 1777 3312 quamv

454 3312 624 3408 obstinatis
641 3313 763 3386 animis
771 3308 838 3404 sua
856 3311 1092 3404 qualiacunque
1109 3314 1375 3407 qualitercunque
1391 3310 1768 3407 defenderestatuiffent.

1049 3404 1121 3492 Dd
1152 3427 1168 3501 3
1600 3431 1634 3479 a.
1654 3411 1774 3502 Quod.

499 3560 547 3638 (a)
573 3506 910 3626 secaaunonr.
936 3558 958 3620 r.
978 3577 1013 3621 c„
1031 3575 1144 3640 p.135.

499 3644 551 3722 (b)
576 3641 821 3708 SCULTET.
847 3643 965 3707 Annal.
991 3639 1114 3705 Decad.
1136 3643 1177 3706 ll.
1202 3663 1231 3724 p.
1244 3657 1314 3725 197.
1346 3641 1410 3706 vid.
1436 3639 1539 3706 Tom.
1558 3640 1619 3705 IV.
1651 3640 1764 3709 Germ.

457 3725 583 3807 Jenens.
602 3726 741 3807 fot466.
760 3728 812 3791 nbi
828 3728 905 3791 inter
922 3726 998 3790 alia:
1024 3725 1079 3789 Ich
1095 3728 1173 3790 weis
1191 3727 1256 3807 dass
1268 3723 1366 3807 wahl,
1393 3725 1445 3785 das
1462 3722 1511 3787 ich
1527 3723 1620 3789 ihren
1628 3726 1776 3803 schlech-·

454 3812 596 3895 terdingr
613 3809 697 3870 nicht
713 3809 851 3872 weicheri
864 3810 979 3873 werde.

498 3898 550 3978 (c)
577 3893 639 3957 vid.
657 3890 881 3959 MULLER.
900 3893 1019 3958 Histor.
1037 3893 1264 3959 Protellatr‘onis
1282 3894 1334 3957 llb.
1347 3893 1389 3956 ll.
1407 3914 1435 3956 c.
1447 3891 1529 3959 XX.
1545 3915 1613 3981 pag.
1626 3912 1697 3977 310.
1714 3898 1766 3962 ubi

457 3980 637 4046 Lulberus:
671 3976 725 4039 Ich
742 3976 852 4038 beruhe
868 3978 1012 4061 darauff,
1036 3980 1100 4057 dass
1118 3978 1182 4040 ichs
1199 3981 1256 4039 mit
1274 3978 1330 4040 den
1348 3979 1579 4065 Strasrburgern
1596 3979 1682 4042 nicht
1697 3979 1765 4042 hal·

454 4081 507 4127 ten
524 4065 610 4145 will,
635 4063 717 4125 mein
734 4060 869 4122 lebenlan
897 4109 906 4142 ,
930 4063 995 4123 und
1008 4062 1117 4143 weiss,
1136 4062 1188 4124 das
1206 4061 1353 4148 Zaur'ngel
1362 4111 1371 4143 ,
1390 4064 1547 4145 undseirre
1558 4062 1688 4152 gesellen
1705 4086 1774 4126 un·-

456 4149 540 4212 recht
558 4173 627 4213 nom
644 4083 1000 4221 Sacramentfcbreiben.

498 4235 550 4311 (d)
575 4226 864 4297 OECOLAMP.
882 4228 1106 4295 suprafatae
1126 4228 1256 4318 Dialog.
1274 4231 1313 4297 de
1330 4230 1535 4315 Eucharistia,
1558 4234 1635 4298 iuter
1648 4230 1781 4298 Zwin.··'

457 4316 512 4403 glii
529 4312 820 4400 &Oecolampadii
837 4309 988 4400 Epistulas
1005 4317 1064 4381 sol.
1077 4330 1148 4399 ¹30·
1164 4336 1192 4382 a.
