4442 5150
976 605 1126 702 (1¹9)

407 733 619 840 splendidam
646 727 737 806 illud
758 732 905 835 gloriam
928 734 1024 829 facit,
1045 761 1127 836 quse
1143 735 1230 811 inter
1246 732 1375 811 elodlos
1396 733 1465 810 Dei
1484 735 1685 834 sempiterna

406 834 570 912 manebit.
620 828 840 906 Aufeiuntur
860 832 1049 924 facultates,
1073 833 1110 907 &
1131 832 1278 906 fortunis
1291 829 1452 906 omnibus
1465 832 1683 930 spoliamini?

410 933 549 1007 Verum
566 925 770 1022 centuplum
791 925 960 1025 accipietis
982 928 1020 1002 dt
1045 929 1150 1001 vitam
1175 929 1246 1012 illic
1273 948 1434 1002 aeternam
1462 927 1683 1023 possidebitis.
1810 915 1814 922 ¹

411 1025 574 1102 Exulatis
587 1023 712 1121 patria,
731 1023 768 1096 dt
782 1021 897 1096 infami
911 1022 1225 1133 interimsupplicio
1234 1021 1373 1097 caditis?
1406 1023 1454 1095 At
1470 1023 1503 1094 in
1518 1025 1612 1096 coeln
1629 1029 1681 1099 so·
1803 1078 1815 1101 .

411 1124 480 1198 lida
496 1121 546 1196 est
564 1118 671 1219 patria
689 1117 810 1209 vobis,
839 1118 900 1192 ubi
922 1121 991 1193 vita
1011 1116 1171 1193 fruemini
1191 1117 1397 1191 immortali:
1424 1116 1579 1214 adeoque
1599 1145 1680 1195 cum

412 1217 574 1307 Christo,
599 1215 661 1313 qui
679 1236 840 1312 tyrannos
856 1236 967 1289 morte
988 1214 1047 1287 sua
1064 1212 1223 1305 vincunt,
1244 1214 1345 1287 citius
1360 1210 1442 1286 alibi
1454 1215 1682 1310 triumpharit,

442 1338 520 1390 uam
532 1335 592 1386 cor
620 1334 660 1383 us
671 1308 725 1384 vel
735 1309 933 1384 edacissimis
947 1309 1092 1384 flammis
1128 1308 1228 1384 offint
1239 1307 1504 1383 hincabsumcre
1515 1311 1570 1382 vel
1582 1311 1682 1384 etiam

303 1462 330 1475 s
412 1335 853 1510 diligentidimicarnifices.
903 1407 1000 1480 Nam
1014 1428 1063 1502 qu
1122 1406 1164 1479 de
1177 1404 1384 1480 dormitione
1396 1403 1590 1477 sandlorum
1603 1404 1681 1479 scri·

398 1506 524 1597 bitur,
544 1504 585 1576 ad
604 1501 758 1600 corporis
772 1504 883 1575 otiuin
896 1502 1050 1600 pertinet.
1101 1501 1200 1602 Ergo
1211 1522 1342 1576 tantuin
1354 1498 1466 1590 abor,
1490 1519 1531 1574 ut
1549 1499 1681 1600 affliga-

411 1625 517 1692 mur,
537 1597 704 1674 constanti
720 1617 830 1670 morte
851 1595 1081 1671 consessorum
1098 1599 1279 1685 nunciata,
1302 1597 1398 1704 quod
1415 1595 1530 1668 animo
1546 1597 1681 1696 gaudiis

410 1693 611 1772 exuberanti
624 1693 848 1790 praedicemus
859 1693 894 1764 iii
906 1692 971 1765 illis
985 1690 1129 1792 gloriam
1140 1715 1180 1765 ac
1189 1714 1372 1789 potentiam
1385 1690 1681 1779 Domini,etiamli

409 1792 552 1891 plurimi
573 1788 1007 1885 traiismittamurquotidie
1018 1786 1060 1861 ad
1078 1787 1271 1875 Christum.
1320 1790 1418 1862 Nam
1430 1784 1586 1862 ridemus
1602 1787 1681 1863 inde

411 1886 609 1963 confirmari
627 1883 900 1976 addubitantium
925 1881 1074 1981 pectora.
1123 1882 1263 1982 Quanta
1288 1885 1403 1982 iraque
1419 1879 1608 1957 testificatio
1628 1883 1680 1957 cst

408 1985 544 2058 exaltati
555 1979 704 2070 Christi,
726 1981 822 2077 quod
836 1978 898 2077 qui
917 1978 1057 2053 nomine
1071 1978 1153 2054 fidei
1170 1978 1347 2078 praestant,
1372 1977 1678 2079 permagistntum

408 2077 629 2155 contumeliae
644 2073 741 2149 causa
762 2074 1074 2173 infignianturnota
1093 2075 1226 2173 aliqua,
1243 2072 1437 2177 cujusmodi
1454 2072 1575 2174 gloriae
1599 2073 1680 2148 loco

378 2240 384 2253 .
409 2174 699 2249 meritohabetui.
749 2172 932 2248 Paucioies
948 2191 1063 2245 autem
1075 2171 1255 2246 vobiscum
1269 2172 1503 2270 perimuntur,
1524 2169 1620 2265 quod
1633 2169 1679 2244 ita

409 2268 569 2344 Domitio
587 2268 697 2342 visum
719 2264 787 2356 est,
813 2286 852 2340 ut
869 2265 1082 2342 stabiliantur
1098 2292 1162 2342 ceu
1182 2267 1314 2342 lenibus
1331 2264 1459 2367 pluuiis
1470 2288 1510 2336 ac
1524 2265 1679 2339 sementis

412 2363 630 2439 mollioribus
642 2363 820 2460 plantulae,
843 2361 878 2434 iii
894 2361 1032 2437 arbores
1047 2362 1210 2437 maximas
1221 2362 1422 2463 proditurae.
1470 2360 1677 2461 Nequedu-

337 2484 340 2490 ·
410 2460 485 2535 bito
496 2461 664 2560 quinhaec
677 2458 744 2533 Dei
757 2482 900 2532 munera
912 2457 1106 2549 vobiscum,
1120 2483 1224 2557 quam
1235 2466 1304 2560 ego.
1313 2459 1432 2556 spiriru
1447 2465 1675 2557 minoreprae·

407 2555 501 2633 ditus
512 2556 567 2629 vel
581 2555 762 2653 praedicare
780 2553 976 2647 sustineam,
994 2553 1191 2656 augustiora
1210 2547 1390 2653 repuleris:
1414 2560 1597 2725 postquam
1615 2552 1675 2627 de·

404 2653 567 2726 saeviente
580 2648 791 2747 persecutore
812 2649 985 2746 rebusque
1000 2649 1184 2746 deploratis
1205 2650 1353 2749 quisque
1377 2652 1413 2727 so
1426 2676 1478 2730 ort
1502 2679 1538 2728 in
1555 2653 1674 2725 Deum

404 2765 590 2844 promptus
604 2744 803 2842 confugere,
824 2769 929 2845 quam
952 2744 1014 2843 qui
1050 2768 1110 2818 ace
1126 2742 1287 2835 affluens,
1312 2747 1452 2823 dotibus
1462 2743 1673 2846 amplissimis

404 2841 589 2940 praeditus,
615 2838 672 2914 vel
689 2843 822 2914 maimo
833 2861 958 2917 conatu
972 2864 1020 2939 po
1060 2860 1084 2915 t.
1134 2839 1266 2916 Videor
1276 2840 1367 2916 enim
1381 2843 1498 2919 videre
1508 2843 1543 2916 in
1553 2833 1674 2914 abdito

403 2937 519 3012 cordis
534 2936 636 3011 vestri
651 2934 765 3010 vivam
783 2937 954 3038 allurgere
979 2936 989 3009 i
1015 2937 1086 3011 dies
1093 2936 1336 3038 experientiam
1351 2939 1394 3015 de
1408 2936 1587 3016 clementia
1603 2931 1674 3008 Dei

404 3056 485 3134 erga
497 3057 576 3125 vos,
592 3031 674 3141 quia
683 3033 838 3130 quotidie
849 3035 884 3106 iii
894 3035 965 3110 acie
976 2955 1271 3111 distortionem
1281 3037 1488 3136 experientia
1502 3031 1570 3112 Dei
1609 3054 1674 3105 rae·

406 3130 504 3205 sentis
518 3150 674 3203 exoritur
699 3127 898 3221 certissima,
923 3128 1059 3229 quoties
1076 3129 1292 3231 providentia
1306 3136 1409 3231 patris
1419 3155 1480 3211 aut
1490 3133 1535 3210 ab
1546 3055 1674 3205 inidiis

403 3224 539 3316 liberat,
559 3244 619 3299 aut
644 3220 664 3297 ὲ
681 3224 873 3300 discrimine
890 3224 974 3302 surri
1002 3226 1055 3319 it,
1082 3249 1142 3304 aut
1156 3228 1277 3306 eximit
1296 3229 1488 3307 humanum
1510 3229 1671 3305 timorem

403 3319 537 3395 fortiori
548 3319 890 3421 illodivinnjudicio.
984 3324 1098 3397 aximd
1109 3326 1195 3401 verb
1205 3325 1290 3400 dum
1312 3326 1468 3427 ingustu
1481 3324 1674 3404 malorum,

404 3416 461 3490 sed
479 3418 584 3515 major
602 3415 713 3491 sensus
737 3416 1033 3494 consolationum:
1057 3419 1120 3516 qui
1145 3444 1221 3502 tum
1244 3419 1441 3517 purissimus
1457 3423 1586 3504 elucet,
1607 3412 1670 3485 ubi

361 3535 365 3542 ’
404 3511 505 3587 'eledli
526 3535 587 3586 cor
607 3512 781 3588 excelletis
794 3514 910 3588 omnia
924 3514 1104 3606 clementa,
1128 3516 1222 3613 quali
1243 3516 1323 3588 dote
1340 3539 1404 3590 vos
1446 3513 1554 3587 raediti
1575 3507 1671 3595 estis,

404 3610 466 3705 qui
479 3628 567 3682 tanta
578 3610 762 3684 concordia
775 3608 808 3682 iii
824 3609 1036 3683 Eucharistia
1044 3607 1188 3710 gloriam
1197 3608 1329 3684 Christi
1342 3538 1539 3709 intelligitis.
1563 3605 1672 3677 lnter·

403 3706 532 3777 eadatc
550 3727 706 3800 operam,
732 3725 770 3780 ut
783 3704 1144 3804 precibusaDomi'no
1155 3704 1360 3811 efflagitetis,
1384 3727 1426 3777 ne
1466 3704 1525 3778 uid
1538 3726 1597 3776 vos
1611 3700 1670 3771 ad·

402 3801 692 3875 verliisrationem
712 3802 835 3892 gloriae
847 3800 914 3874 Dei
928 3800 1164 3901 &analogiam
1176 3728 1535 3898 fideiampledtiinat.
1570 3799 1666 3873 Nam
1718 3833 1731 3878 i

400 3895 503 3971 variis
536 3896 686 3996 undique
711 3897 835 3972 libellis
865 3898 1002 3996 piorum
1030 3894 1225 3993 simplicitas
1243 3895 1349 3970 niodo
1376 3894 1600 3972 sollicitatur:
1629 3913 1669 3965 ut

348 3995 355 4007 ‘
399 3992 542 4070 omnino
553 4016 644 4093 opus
661 4016 780 4092 putem
796 3993 948 4071 cautiore
972 3992 1148 4089 sententia,
1172 3990 1336 4091 quaeest,
1355 3992 1559 4102 utspiriius‚
1583 4011 1669 4065 nuru

1230 4104 1234 4113 ’
1624 4105 1669 4157 cit
