4442 5150
986 517 1150 627 'tt-1)

503 660 612 739 XIX.
641 658 807 738 Postridie
828 661 934 764 igitur
949 659 982 734 in
1000 663 1156 737 nostrum
1173 684 1424 763 procerumque
1444 665 1579 764 imperii
1597 669 1730 747 conser-
1794 695 1796 699 ·

455 756 533 831 sum
552 760 723 850 reversus,
744 758 865 831 iterum
888 757 1083 857 gravissime
1100 778 1205 856 atque
1222 758 1414 835 luculenter
1431 765 1626 839 admonitus
1646 767 1695 840 est
1714 822 1727 859 ,

455 872 496 925 ut
509 851 541 925 se
557 853 637 927 colli
663 874 749 942 etet,
761 874 794 926 et
811 878 884 951 quo
896 854 1264 953 progredereturetiam
1275 875 1378 953 atque
1391 856 1490 929 etiam
1503 856 1646 949 videret,
1667 863 1726 934 ad·

450 945 573 1043 junbla
594 879 836 1045 pohicitatione
859 950 993 1035 nollra,
1014 948 1039 1022 st
1061 972 1143 1045 quae
1162 949 1280 1023 vitiosa
1304 975 1455 1049 queque
1472 951 1725 1031 condemnanda

453 1041 584 1133 essent,
605 1046 639 1117 in
658 1045 782 1118 libellis
808 1042 875 1117 luis
893 1040 1101 1131 retrastaret,
1126 1067 1189 1116 nos
1206 1043 1255 1117 illi
1274 1045 1389 1119 rursus
1408 1044 1602 1122 sanstisfinti
1616 1051 1725 1125 Patris

453 1138 561 1210 nostri
589 1163 688 1235 papae
716 1137 985 1211 benevolentiam
1009 1161 1043 1210 et
1061 1161 1210 1210 amorem
1229 1142 1492 1230 conciliaturus,
1516 1141 1725 1241 daturusque

454 1254 594 1329 operam
604 1256 656 1322 ,ut
669 1235 847 1307 Beatitudo
858 1233 950 1303 illius
961 1255 1005 1304 ex
1019 1231 1349 1330 fingulisChrilliani
1359 1236 1506 1308 nominis
1516 1238 1675 1346 gentibus
1685 1265 1725 1313 ac

454 1326 649 1402 nationibus
666 1329 763 1401 binos
779 1327 979 1400 excellentes
997 1327 1103 1413 vires,
1123 1327 1273 1424 probatae
1285 1329 1383 1418 vitae,
1404 1332 1650 1429 exquisitaque
1663 1335 1725 1407 do·

455 1418 576 1496 &rinae
594 1423 721 1521 eligat,
745 1424 806 1518 qui
821 1424 863 1494 de
876 1420 969 1493 libris
981 1427 1054 1517 ejus
1072 1425 1245 1495 censuram
1262 1443 1361 1522 agant
1376 1449 1572 1523 erroresque
1588 1451 1723 1524 expun-

451 1541 560 1689 fiqqq,
586 1521 857 1685 lrequuabqrero,
892 1516 986 1590 nulla
1015 1516 1177 1591 haereseos
1204 1517 1279 1593 labe
1305 1518 1452 1609 inccta,
1482 1543 1521 1594 ut
1548 1523 1724 1619 pontificia

547 1634 608 1688 itas
686 1636 724 1684 ro
768 1630 795 1684 t.

406 1694 416 1711 ’
504 1711 596 1784 XX.
616 1639 739 1804 liabue
757 1704 833 1801 post
850 1724 900 1780 tot
916 1704 1156 1797 attestationes,
1174 1695 1445 1798 minnistono,
1467 1732 1666 1806 preces,nec
1690 1712 1725 1788 in

454 1805 704 1881 revocationem
723 1800 924 1888 consentire,
950 1824 1012 1872 nec
1034 1799 1220 1876 uberrimas
1236 1804 1495 1900 pollicitationes
1511 1805 1640 1878 nostras
1651 1831 1725 1880 arn.

455 1899 562 2000 plecti
579 1898 708 1987 voluit,
730 1897 784 1968 sed
805 1895 947 1968 omnino
965 1897 1089 1990 respuit
1103 1920 1143 1970 ae
1158 1898 1383 1989 detreetavit,
1402 1899 1506 1994 idque
1521 1921 1588 1973 tarn
1607 1903 1724 1976 incon·

455 1995 598 2070 fiderato
616 1994 787 2077 sermone,
810 2010 876 2062 tarn
895 1991 1064 2063 indecenti
1079 1993 1179 2064 vultu
1191 1995 1424 2093 atqoegellu,
1448 1996 1509 2089 qui
1520 1994 1591 2068 suae
1604 2000 1724 2072 mentis

455 2091 653 2186 confiliique
665 2085 818 2181 compoti
837 2109 877 2158 ac
896 2087 1059 2182 religione
1083 2090 1249 2183 sacrisque
1264 2091 1394 2161 initiato
1412 2108 1445 2161 et
1460 2088 1572 2164 dicato
1594 2090 1724 2166 homini

456 2207 671 2280 nequaquam
693 2181 864 2254 convenit.
912 2183 1020 2253 Tunc
1042 2181 1133 2253 enirn
1162 2181 1334 2256 manifeste
1354 2207 1435 2256 cum
1457 2182 1612 2273 dixisset,
1634 2185 1667 2258 se
1688 2188 1739 2261 in.

455 2276 753 2356 lucubrationibus
775 2274 841 2347 suis
854 2299 896 2346 ne
909 2275 1055 2347 verbum
1072 2275 1211 2371 quidem
1234 2277 1623 2365 mutaturum,acnobis
1636 2263 1724 2355 sthi-

454 2377 593 2470 busque
615 2370 746 2465 imperii
766 2369 985 2464 praesentibus
1002 2369 1215 2460 impudenter
1241 2389 1274 2441 et
1291 2369 1455 2467 flagitiose
1476 2373 1564 2445 sacra
1579 2375 1725 2450 concilia

455 2468 634 2553 deritillet,
657 2465 821 2564 abjecisset
842 2486 875 2536 et
892 2465 1084 2563 aspernatus
1101 2459 1230 2535 fuisset:
1255 2464 1408 2558 inprimis
1422 2484 1534 2536 autem
1553 2467 1723 2541 Constan-

455 2564 575 2654 tiense‚
601 2563 696 2659 quod
710 2561 877 2634 nationem
891 2558 1132 2631 Germanicam
1144 2578 1224 2627 cutn
1236 2581 1359 2631 aeterna
1369 2556 1468 2644 laude
1478 2581 1581 2656 atque
1593 2560 1724 2637 honore

454 2658 662 2744 cumulavit,
688 2678 762 2730 turn
804 2654 887 2739 acis,
908 2653 970 2725 otii
988 2651 1253 2745 concordiaque
1270 2653 1449 2726 vinculum
1466 2650 1549 2745 fuit,
1575 2656 1637 2731 hac
1650 2678 1722 2734 tau·

452 2757 530 2830 dem
542 2753 735 2828 conditione
761 2681 942 2845 obligavit,
964 2748 1032 2823 fiin
1046 2746 1290 2843 disputatione,
1306 2771 1409 2855 quam
1423 2744 1528 2823 fretus
1540 2751 1661 2825 nostris
1681 2754 1725 2828 de

451 2848 627 2925 securitate
648 2845 819 2943 promissis
844 2841 1030 2937 expetivit,
1055 2866 1125 2918 non
1141 2842 1298 2941 ignorans
1315 2841 1518 2944 tdhumano
1534 2845 1724 2946 divinoque

447 2948 526 3045 jure
570 2942 742 3027 inhiberi,
764 2936 1000 3011 succubuisset.

502 2969 610 3117 xiil.
638 3036 708 3111 Etsi
728 3056 841 3107 autem
863 3034 924 3105 hac
947 3032 1141 3110 contumaci
1162 3031 1373 3129 responsione
1389 3056 1459 3107 non
1475 3033 1530 3109 exi
1619 3036 1724 3113 nostri

452 3155 706 3234 procerumque
738 3128 889 3203 molestia
912 3148 945 3234 et
973 3126 1157 3203 ofsensione
1183 3128 1390 3235 populique,
1415 3128 1568 3204 seandao
1596 3132 1738 3225 audita,

445 3229 690 3329 ‘probabilibus
707 3226 748 3298 de
765 3223 871 3296 causis
894 3247 1045 3297 animum
1063 3279 1075 3314 ,
1098 3243 1265 3299 continuo
1287 3223 1434 3297 serenus
1450 3248 1530 3299 eum
1548 3249 1722 3320 coercere,

450 3324 612 3418 testaque
632 3324 775 3395 domum
795 3341 838 3390 ex
855 3338 1026 3391 conventu
1044 3319 1233 3405 dimittere,
1252 3319 1540 3414 quemadmodum
1558 3319 1644 3395 hanc
1664 3346 1726 3394 no-

452 3416 553 3489 stram
577 3418 786 3490 voluntatem
812 3413 947 3509 postero
959 3413 1013 3485 die
1033 3436 1135 3487 manu
1152 3411 1264 3484 nostra
1327 3410 1405 3487 rseri
1432 3434 1499 3486 tarn
1518 3416 1658 3488 revelari
1676 3415 1725 3491 le·

451 3513 581 3597 cintus,
611 3508 830 3608 praefatorum
854 3508 1099 3602 ordinumque
1131 3507 1272 3579 interces
1287 3530 1364 3581 rone
1438 3506 1726 3608 gitationibusque

451 3605 593 3682 adducti
615 3604 752 3691 lomus,
775 3624 812 3678 ut
838 3600 991 3677 triduum
1012 3602 1120 3678 ishad
1146 3600 1352 3676 liberandam
1378 3600 1442 3675 islo
1467 3602 1560 3700 quafi
1588 3607 1726 3705 stupore

449 3723 598 3776 mentem
621 3699 830 3796 largiremur.
1096 3753 1106 3768 ,
1761 3749 1765 3757 ·

501 3803 608 3872 XXll.
635 3794 699 3865 Sed
723 3793 845 3865 interea
866 3790 1122 3882 duoledlores,
1146 3792 1220 3866 duo
1241 3793 1321 3868 item
1340 3792 1567 3887 ecelesiastici,
1585 3793 1727 3895 duoque
1790 3835 1797 3852 ·

452 3888 614 3967 seculares
632 3885 891 3985 principes,duo
904 3888 1112 3982 postremum
1124 3911 1168 3964 ex
1183 3889 1303 3963 nostris
1315 3888 1516 3988 imperiique
1531 3891 1727 3967 civitatibus

452 3984 615 4074 adhibiti,
634 3982 757 4157 illelesti
778 3981 998 4078 destinatique
1009 3982 1183 4150 sunt,q1qi·
1201 3984 1359 4072 mandato
1375 3984 1418 4076 &¹
1430 3988 1567 4062 nornine
1584 4011 1727 4085 congre·

502 4084 610 4157 Tom.
670 4133 678 4153 .
1323 4091 1329 4100 “
1665 4104 1728 4180 ga·
