4442 5150
423 637 594 731 Λευ-ιφ.
759 633 801 709 R
849 632 882 708 E
932 634 975 710 N
1025 635 1062 710 0
1112 631 1151 708 V
1201 635 1234 710 A
1281 633 1322 710 Τ
1370 635 1403 709 1.
1671 659 1741 737 ¹39

422 767 506 844 sunt
530 765 692 863 scripta,
736 762 875 838 lilentio
903 768 1133 861 praetermitti
1159 767 1219 839 hic
1246 792 1320 840 non
1345 763 1521 865 polluam
1563 763 1738 844 Ediderat

424 868 595 946 Erasmus
621 867 667 936 A.
690 885 793 957 ¹524·
826 867 865 937 da
884 870 984 937 libera
1002 868 1145 938 arbitrio
1164 865 1365 937 diatribam.
1409 866 1512 937 Huic
1531 865 1736 962 Lutherue‚

423 985 625 1061 qumquam
654 959 887 1057 profiteretur
905 967 973 1056 fibi
998 964 1163 1058 molestam
1188 965 1248 1056 effe
1271 981 1343 1035 tam
1360 967 1489 1036 eradiat
1507 967 1637 1055 libella,
1664 983 1738 1038 tatu

422 1065 548 1136 eruditi
572 1064 647 1132 uiri
670 1061 858 1153 respondere
884 1063 958 1152 (a),
993 1078 1111 1133 tamen
1130 1060 1412 1156 respondendum
1429 1059 1498 1131 else
1516 1059 1735 1155 potillimum
1864 1153 1866 1155 ι

416 1178 553 1254 propter
577 1182 648 1248 eos,
679 1163 739 1252 qai
761 1164 961 1231 audatiam
977 1158 1047 1251 ejas
1062 1162 1286 1231 abutebantur
1301 1165 1338 1230 in
1351 1163 1494 1253 gloriam
1503 1158 1602 1251 fitam
1620 1177 1737 1235 centra

424 1257 595 1352 Christum
615 1254 694 1348 (b),
722 1254 933 1351 judicabat,
967 1279 1123 1350 eumque
1140 1257 1177 1327 in
1198 1254 1331 1346 finem,
1357 1253 1566 1349 interpofita
1583 1258 1735 1350 quadam

423 1355 596 1451 temporis
624 1376 744 1442 mora,
778 1360 839 1444 (ne
866 1353 943 1444 quia
967 1353 1119 1425 cundem
1147 1376 1192 1425 ex
1218 1354 1328 1423 nimia
1354 1351 1553 1424 festinantia
1570 1354 1736 1449 quaedam

421 1448 906 1547 minusappofiteprotulilie
919 1447 1154 1544 suspicetur‚)
1175 1449 1434 1523 menl‘escilicet
1448 1452 1735 1526 Decembrianni

426 1571 532 1645 1525·
556 1551 703 1621 demum
720 1547 834 1619 edidit
854 1548 993 1619 Erasini
1012 1546 1176 1619 diatribae
1195 1546 1403 1644 oppolitum
1422 1549 1737 1624 deServaarbr'trr'a

422 1645 577 1720 librum:
615 1649 657 1717 ln
686 1646 756 1716 hoc
783 1665 864 1716 toto
891 1642 1036 1736 libello,
1069 1667 1151 1717 eum
1172 1645 1207 1716 id
1226 1647 1411 1741 praecipue
1428 1668 1533 1742 agere
1551 1645 1735 1742 videmus,

421 1765 464 1816 ut
491 1762 624 1817 contra·
646 1743 835 1815 Erasmum
863 1741 1017 1834 doceat,
1062 1743 1259 1835 „liberum
1289 1740 1448 1814 nostrum
1472 1743 1659 1815 arbitrium
1680 1749 1735 1838 (c)

420 1888 448 1935 „
467 1865 539 1914 non
557 1840 655 1943 polle
672 1841 706 1914 se
722 1839 920 1939 praebendo
938 1842 1087 1935 gratiae,
1104 1840 1164 1913 vel
1182 1843 1214 1912 ei
1233 1863 1306 1912 non
1321 1840 1533 1931 resistendo,
1552 1841 1735 1937 applicare

420 1940 509 2034 „ad
526 1942 701 2038 gratiam
729 1938 820 2011 nihil
838 1934 942 2033 plane
960 1960 1024 2010 nos
1041 1958 1169 2036 agere,
1195 1938 1251 2011 sed
1272 1933 1411 2010 tantiam
1433 1941 1508 2035 pati
1519 1970 1531 2024 ;
1559 1939 1735 2037 quicquid

419 2038 554 2132 „boni
581 2039 637 2111 vel
663 2036 748 2109 mali
774 2036 966 2124 faciamus,
1001 2036 1038 2108 id
1065 2060 1173 2108 omne
1199 2045 1322 2109 cratera
1349 2036 1404 2130 (id
1422 2034 1496 2127 est,
1523 2034 1635 2109 libere
1652 2039 1734 2137 qui·

418 2187 447 2229 „
465 2136 570 2227 dent,
603 2134 660 2209 sed
689 2138 739 2207 itt
765 2154 807 2207 ut
834 2156 897 2228 per
923 2134 1057 2206 divinae
1075 2134 1273 2207 voluntatis
1291 2134 1644 2228 immutabilitatem,
1672 2137 1736 2212 ne·

420 2283 449 2326 ‚‚
469 2232 690 2332 cellariaeque
717 2232 951 2330 praescientiae
971 2231 1263 2304 infallibilitatem
1283 2257 1327 2304 ne
1344 2233 1448 2309 aliter
1466 2232 1610 2330 quidem
1629 2256 1736 2331 agere

421 2381 449 2424 „
469 2330 647 2427 poffimus)
674 2357 730 2404 aas
749 2334 885 2427 facere,
911 2330 968 2401 vel
982 2335 1061 2424 pati
1079 2332 1225 2427 ponuat
1253 2332 1509 2428 contingenter
1535 2330 1656 2402 Deum
1676 2334 1733 2404 ni·

418 2466 446 2523 „
467 2430 515 2501 hil
544 2431 729 2529 praescire3
764 2453 882 2526 neque
901 2427 1026 2522 nobis,
1051 2450 1168 2524 neque
1186 2429 1360 2525 Angelis,
1386 2450 1500 2524 neque
1518 2429 1659 2501 Adamo
1679 2431 1735 2504 in·
1794 2480 1798 2482 ψ

416 2577 444 2622 „
464 2548 593 2625 tegre,
627 2551 741 2623 neque
766 2528 833 2600 ulli
857 2545 1030 2600 creatura:
1048 2551 1204 2623 unquam
1224 2526 1325 2600 suillo
1345 2526 1495 2600 liberum
1518 2529 1732 2618 arbitrium

415 2626 535 2719 „Sed
563 2648 786 2723 quaecunque
813 2648 914 2698 extra
942 2627 1063 2698 Deum
1090 2625 1201 2723 fiant,
1228 2651 1267 2698 ea
1285 2630 1405 2697 omnia
1423 2627 1471 2696 ita
1491 2625 1589 2721 fieti,
1614 2627 1734 2717 ut,⁴fi

417 2774 447 2815 „
467 2724 540 2796 Dei
559 2725 775 2795 voluntatem
796 2724 952 2820 spectes,
977 2748 1021 2796 ne
1038 2724 1142 2797 aliter
1159 2723 1302 2820 quidem
1322 2724 1400 2794 fieti
1418 2720 1559 2817 pollint.
1578 2765 1630 2825 ,‚·
1650 2724 1733 2796 Ne-
1806 2769 1819 2791 .

418 2842 491 2916 que
519 2820 600 2895 haec
627 2820 735 2893 docet
762 2816 925 2915 tantiam,
959 2821 1016 2894 sed
1044 2822 1115 2895 fine
1132 2823 1195 2914 iis,
1229 2846 1328 2916 neque
1352 2821 1487 2910 Deam,
1511 2846 1612 2917 aeque
1628 2822 1733 2898 Chris

409 2921 526 3012 stum,
561 2945 660 3016 aeque
677 2922 803 3014 fidem,
837 2946 936 3018 aeque
963 2922 1210 3019 Evaqqelium,
1244 2944 1344 3014 naqae
1371 2925 1544 3015 quiequam
1570 2924 1734 3017 reliquant

416 3016 506 3109 elle,
534 3041 578 3091 ne
602 3017 774 3111 judaismi
793 3019 962 3116 quidem,
988 3017 1108 3093 multo
1129 3022 1246 3093 minus
1265 3020 1535 3114 Christianismi,
1559 3018 1734 3115 acerrimd

415 3134 550 3188 tuetur.
594 3116 672 3213 Qui
700 3137 819 3189 autem
836 3119 938 3191 ‘hanc
956 3118 1169 3193 Christianae
1190 3118 1273 3191 fidei
1294 3138 1430 3215 partem
1450 3116 1589 3192 exosam
1611 3118 1648 3193 ὅ(
1666 3141 1732 3191 ex·

411 3213 603 3287 creabilem
624 3215 739 3288 facete
755 3217 937 3310 nitantur,
962 3243 1023 3292 eos
1043 3219 1079 3290 in
1098 3216 1324 3292 daemonibus
1343 3219 1379 3292 ὃ(
1395 3216 1569 3292 damnatis
1589 3214 1728 3292 censet:

416 3310 513 3383 Haec
529 3332 637 3411 atque
658 3307 803 3404 finilia,
825 3338 990 3413 rumpet
1007 3334 1127 3389 toturn
1147 3317 1247 3389 illum
1268 3314 1457 3389 tractatum
1478 3316 1734 3409 inculcentur,
1772 3312 1774 3316 ’

418 3401 574 3505 clamque
599 3436 679 3484 eum
707 3414 743 3483 in
770 3411 902 3504 finem,
934 3412 975 3487 ad
994 3438 1138 3487 ornnem
1157 3417 1370 3511 gravitatem
1391 3408 1595 3505 compofito
1615 3409 1707 3502 stylo
1716 3462 1732 3511 ,

414 3504 446 3577 is
475 3504 645 3602 Erasmo,
681 3511 810 3583 rationi
840 3512 988 3584 nimium
1017 3513 1169 3586 habenas
1196 3512 1328 3583 laxanti
1357 3507 1548 3597 occurrat,
1581 3501 1734 3603 eamque

416 3603 581 3701 sequatur
608 3608 843 3701 methodum,
878 3634 958 3707 quae
985 3615 1069 3683 eum
1089 3609 1245 3684 maxime
1263 3606 1306 3680 ad
1324 3600 1636 3678 demonstrandum
1656 3623 1733 3682 etat
1876 3682 1888 3692 ,

1034 3710 1058 3784 5
1087 3732 1109 3781 2
1626 3725 1730 3777 com·

456 3883 508 3964 (a)
532 3886 594 3960 vid.
616 3884 841 3953 LUisHER.
862 3886 921 3974 Ep.
939 3889 1011 3955 Lib.
1025 3890 1067 3955 ll.
1085 3911 1114 3973 p.
1128 3828 1199 3968 a38.
1223 3888 1260 3951 ad
1277 3884 1484 3970 Spalatinum.

407 3967 512 4117 1⁴(Ibl)
531 3968 755 4138 ffl'THER.
773 3975 804 4039 in
821 3972 880 4059 Ep.
894 3976 931 4039 ad
942 3973 1019 4039 Nic.
1038 3975 1237 4039 Hausniann.
1255 3990 1355 4035 meas.
1373 3969 1540 4037 Novemb.
1554 3989 1645 4053 1524.
1663 3967 1728 4056 Ep.

456 4137 507 4215 (c)
531 4139 595 4202 vid.
615 4137 669 4202 Cl.
689 4138 792 4205 VlTl
812 4129 954 4225 Apolog.
981 4162 1036 4226 pro
1060 4138 1194 4220 Synodo
1210 4134 1366 4205 Dordrac.
1386 4141 1416 4223 q.
1429 4139 1478 4223 38.
1496 4163 1526 4226 p.
1538 4154 1609 4222 247.
1640 4137 1738 4201 conf.¹

413 4212 668 4287 SCULTETI
698 4224 838 4289 Annales
862 4226 899 4288 ad
926 4226 991 4290 An.
1013 4227 1104 4305 1526.
1129 4242 1260 4310 pag.32.
1278 4226 1367 4309 seqq.
1390 4228 1443 4289 ubi
1460 4225 1618 4309 speciatim
1633 4224 1731 4289 totius
1813 4323 1815 4325 q
1928 4212 1930 4215 ’

412 4297 485 4367 libri
500 4317 726 4395 agumemum
741 4328 795 4393 per
811 4308 932 4375 Theses
948 4311 1102 4393 quasdam
1119 4309 1191 4376 inde
1207 4328 1366 4396 excerptas
1383 4309 1525 4377 refertur.
