4442 5150
455 650 625 744 ΛΑΜ
766 638 807 714 R
854 634 888 711 E
936 634 981 711 N
1024 635 1066 710 O
1116 632 1156 730 V
1204 637 1239 711 A
1287 634 1327 713 Τ
1375 640 1407 716 I.
1703 671 1776 755 339

455 772 615 872 ipsorum
636 765 810 843 Ecclesia:
830 765 1004 859 ministri,
1021 766 1215 858 Franciscas
1234 767 1491 865 COLBIUS,
1510 773 1548 852 ὅ(
1565 771 1770 861 Bertboldrrs

456 868 754 948 HALLERUS
776 864 1061 963 profitebantur,
1089 866 1127 938 &
1144 864 1247 939 sacris
1265 868 1376 942 literis
1395 871 1610 950 confirmare
1627 879 1662 953 se
1680 882 1772 958 velle

456 969 640 1045 dicebant.
684 967 737 1037 Ea
755 961 842 1035 veri>
860 964 938 1035 suut
956 962 1147 1057 ejusmodi.
1246 980 1249 988 “

506 1069 536 1140 Ι.
563 1067 696 1138 Veram
726 1060 954 1152 Ecclefiam,
988 1061 1092 1156 cujus
1118 1062 1267 1135 unicum
1295 1061 1338 1137 srt
1365 1085 1476 1161 caput
1503 1068 1690 1168 Christus,
1723 1101 1771 1151 ex

457 1166 530 1239 Dei
554 1163 666 1236 verbo
685 1159 800 1253 nasci,
827 1160 864 1231 in
881 1155 997 1255 eoque
1015 1180 1243 1256 permanere,
1269 1182 1384 1259 neque
1400 1187 1529 1238 vocem
1548 1169 1692 1245 alterius
1708 1197 1772 1250 au·
1890 1165 1892 1170 ’

457 1264 558 1431 dulei
586 1358 694 1429 Hanc
721 1350 829 1451 ipsam
857 1348 1055 1426 Ecclesiam
1083 1376 1156 1426 non
1179 1355 1332 1430 condere
1350 1355 1437 1430 ullas
1454 1357 1550 1457 leges
1567 1376 1670 1440 extra
1688 1390 1770 1444 ver·

458 1457 545 1529 burn
569 1457 653 1528 Dei.
687 1455 724 1524 T
728 1451 963 1524 raditionibus
981 1452 1094 1546 igitur
1113 1452 1323 1546 hominum,
1349 1478 1430 1551 quae
1451 1458 1597 1532 titulum
1617 1463 1771 1543 habeant

458 1552 655 1643 Ecclesrae,
691 1549 739 1621 src
767 1543 913 1621 demitm
940 1547 1094 1644 obligari
1121 1573 1185 1622 nos
1212 1571 1319 1648 atque
1344 1555 1478 1648 teneti,
1507 1555 1637 1635 sucum
1656 1564 1769 1638 verbo

456 1652 529 1725 Dei
550 1648 785 1722 consentiant.

508 1749 579 1819 lii.
605 1747 730 1819 Solum
760 1741 945 1816 Christum
975 1765 1041 1838 pto
1068 1743 1183 1816 totius
1208 1745 1334 1817 mundi
1361 1749 1518 1841 peccatis
1537 1750 1656 1828 fecisse
1673 1755 1768 1833 satis.

459 1842 562 1942 Ergo
583 1841 606 1915 fi
625 1844 702 1939 quis
720 1843 824 1914 aliam
842 1840 961 1913 salutis
980 1840 1074 1911 viam
1092 1861 1155 1914 aut
1172 1842 1338 1938 expiandi
1357 1867 1506 1941 peccata
1518 1853 1770 1932 rationemesse

456 1942 573 2032 dicat,
601 1941 698 2014 hunc
716 1940 893 2037 abnegare
912 1935 1111 2012 Christum.

503 2039 574 2112 IV.
601 2040 744 2135 Corpus
764 2039 1038 2134 &Sanguinem
1058 2034 1195 2134 Christi
1213 2060 1335 2112 revera
1349 2039 1386 2116 ὅ(
1402 2045 1637 2141 corporaliter
1654 2046 1769 2145 sumi,
1798 2050 1801 2057 “

456 2135 664 2212 testimonio
681 2137 868 2231 scripturae
888 2134 1032 2230 probari
1050 2157 1123 2205 non
1143 2134 1252 2232 posse.

504 2235 553 2308 V.
579 2233 699 2307 Missa
734 2236 869 2325 ritum,
901 2231 966 2304 ubi
995 2230 1160 2306 Christus
1186 2234 1285 2305 Patri
1311 2234 1443 2318 caelesti
1467 2260 1533 2334 pro
1552 2243 1644 2316 vivis
1662 2262 1770 2343 atque

452 2334 604 2407 mortuis
623 2331 916 2428 repraesentatur,
943 2331 982 2404 &
999 2325 1174 2419 offertur,
1200 2329 1371 2403 adversari
1389 2332 1597 2430 scriptura,
1622 2342 1660 2415 &
1679 2367 1770 2415 con.
1852 2375 1856 2383 ·

454 2432 639 2504 tumeliam
661 2429 776 2500 facere
793 2426 993 2520 sacrificio,
1019 2427 1118 2523 quod
1138 2426 1303 2501 Christus
1321 2451 1388 2523 pro
1407 2430 1720 2532 nobis‘impendit.

503 2528 574 2600 VI.
602 2525 728 2599 Solum
748 2523 957 2620 Christum,
983 2545 1024 2599 ut
1042 2524 1310 2599 intercessorem
1328 2526 1365 2603 ὅ(
1384 2526 1530 2604 humani
1548 2535 1688 2631 generis
1706 2536 1770 2613 ad·

453 2644 626 2699 vocaturn
642 2622 742 2720 ‘apud
761 2625 927 2718 Patrem,
953 2623 1192 2698 invocandum
1209 2622 1291 2697 esse.

502 2723 594 2795 VH.
620 2721 735 2816 Qtod
755 2720 798 2794 fit
817 2722 910 2795 ullus
926 2723 970 2796 ab
989 2724 1056 2797 hac
1072 2723 1149 2796 vita
1168 2723 1291 2817 locus,
1310 2746 1383 2819 quo
1401 2747 1603 2823 purgentur
1617 2732 1769 2827 animae,

455 2822 492 2895 in
511 2819 613 2894 sacris
632 2822 743 2893 literis
761 2844 834 2892 non
853 2822 1011 2918 reperiri.
1054 2821 1283 2895 Precationes
1301 2823 1414 2921 igitur
1432 2824 1469 2896 ἃ
1488 2830 1705 2901 ceremonias
1724 2830 1768 2903 il·

451 2922 502 2993 ias
529 2942 651 2992 omnes
678 2919 716 2991 ἃ
738 2919 904 3015 exequias
921 2916 1190 3013 anniversarias,
1215 2941 1297 3017 quae
1316 2922 1468 2994 mortuis
1485 2924 1768 3023 impenduntur,

452 3020 491 3189 pt
520 3043 641 3092 cereos
666 3037 773 3115 atque
800 3016 1001 3123 lampades,
1035 3018 1073 3093 &
1100 3018 1137 3092 id
1162 3041 1274 3116 genus
1300 3019 1368 3093 alia
1392 3020 1484 3107 nihil
1510 3024 1658 3098 omnino
1677 3050 1768 3102 con·

474 3141 560 3190 erre.
1777 3129 1782 3142 '

500 3214 612 3289 vm.
640 3216 802 3290 Statuam
827 3230 889 3286 aut
908 3212 1100 3309 imaginem
1120 3214 1231 3293 ullam
1250 3218 1406 3314 proponi
1426 3216 1546 3294 cuitus
1563 3216 1687 3310 causa,
1710 3236 1769 3292 re·

387 3392 390 3397 ,
453 3337 613 3411 pugnare
630 3313 733 3387 sacris
753 3312 877 3384 literis.
919 3312 1097 3404 Proinde,
1124 3312 1149 3385 fi
1169 3314 1313 3411 quidem
1331 3340 1376 3390 eo
1394 3319 1514 3391 animo
1533 3318 1600 3389 fint
1619 3318 1655 3387 in
1674 3335 1769 3389 tem·

455 3410 525 3505 plis
543 3409 692 3502 ereetae,
719 3409 894 3481 tollendas
912 3407 992 3481 effe.

504 3506 576 3576 lX.
604 3508 882 3579 Matrimonium
902 3530 974 3579 non
993 3502 1061 3579 esse
1078 3505 1232 3579 vetitum
1249 3506 1314 3581 uili
1335 3507 1522 3580 hominum
1540 3505 1680 3600 ordini,
1706 3507 1765 3585 sed

453 3601 701 3770 fornilearionis
728 3605 887 3678 vitandae
913 3603 1036 3701 causa,
1061 3604 1221 3678 mandari
1238 3603 1389 3679 cuilibet
1407 3624 1514 3700 atque
1532 3606 1696 3702 permitti
1714 3607 1767 3684 sa·

456 3725 526 3775 crrs
561 3721 669 3772 rterrs.

501 3798 553 3872 X.
581 3798 708 3893 Quum
728 3797 902 3876 scortator
920 3802 1037 3875 omnis
1056 3800 1139 3875 vere
1161 3798 1203 3873 srt
1218 3800 1256 3874 &
1272 3796 1478 3872 testimonio
1497 3800 1696 3899 Scriptura
1714 3802 1766 3878 se·

346 3925 353 3939 ·
454 3916 597 3997 paratus
624 3898 668 3968 ab
696 3896 869 3972 Ecclefiae
897 3899 1176 3991 communione,
1212 3898 1446 3971 Sacerdotum
1474 3900 1591 3973 ordini
1618 3904 1768 3978 minime

376 3998 389 4008 “
456 3999 618 4070 omnium
640 3997 833 4092 convenire
851 3998 1065 4078 coelibatum
1087 3998 1267 4091 impurum
1287 4016 1394 4091 atque
1412 4017 1567 4096 turpem.

486 4110 535 4182 ›§.
556 4094 683 4171 CXV.
711 4094 809 4166 Inter
836 4116 919 4184 eos,
948 4095 1009 4190 qui
1028 4092 1215 4190 praecipue
1234 4093 1316 4167 3113.
1336 4094 1486 4171 Halleto
1505 4099 1542 4174 ἃ
1560 4100 1636 4194 ejus
1654 4095 1767 4171 colle·

455 4194 510 4288 gis
536 4194 779 4294 rogabantur,
812 4208 853 4264 ut
877 4188 943 4265 fibi
960 4189 1190 4364 subvepirent
1206 4214 1313 4294 atque
1329 4190 1506 4295 suppetias
1523 4195 1768 4366 laboraptlipus

1106 4311 1178 4366 va
1660 4315 1682 4365 u
1714 4314 1770 4367 et·

1582 4389 1585 4430 Ι
1764 4375 1767 4379 .
