4442 5150
976 623 996 713 l
1024 624 1126 718 ¹07)

858 836 861 844 ’
905 809 995 895 Νο.
1027 808 1178 898 XVII.

571 1028 765 1170 Wolfg.
802 1028 969 1136 FAB.
1019 1028 1507 1137 CAPITONIS.

360 1214 362 1218 =
402 1158 593 1285 Epistola
607 1170 660 1252 ad
677 1170 843 1253 Ludov.
876 1169 951 1278 (a)
969 1167 1118 1251 Berum
1135 1167 1398 1251 Canonicum
1414 1169 1676 1263 Bafileenssm

837 1281 891 1366 A.
928 1281 1046 1390 1526.
1079 1278 1244 1363 elei.

670 1391 737 1476 De
754 1391 801 1476 N
804 1392 947 1503 egotio
964 1390 1191 1504 Colloquii
1207 1372 1413 1478 Badenfis.

889 1613 918 1670 ᾗ
1029 1613 1058 1671 ²1²
1169 1614 1198 1670 ᾖ

958 1723 987 1781 'l‘
1098 1723 1127 1779 ᾗ

1031 1835 1060 1891 ᾖ

412 2043 602 2212 GRatia
620 2038 750 2117 Christi
769 2061 882 2115 tecum
902 2039 1078 2140 &agnitio
1095 2035 1361 2147 potentiaeestrs,
1382 2029 1677 2128 clarin'nouor

521 2143 558 2213 ὅ(
577 2139 717 2227 Amice,
741 2136 968 2234 superioribus
984 2135 1101 2210 diebus
1115 2136 1156 2208 ad
1169 2159 1223 2210 me
1236 2134 1362 2230 scnpfit
1375 2139 1677 2252 oecolampadius,

415 2233 459 2306 de
479 2233 595 2306 libello
607 2233 769 2329 superdil
792 2231 940 2304 utatione
960 2228 1098 2305 Badensr
1117 2226 1209 2303 edito
1227 2229 1300 2301 satis
1318 2231 1429 2305 severe
1443 2233 1479 2307 ὃ(
1493 2236 1677 2336 objurgata.

416 2346 484 2400 ter:
513 2328 692 2401 Nimirum
713 2257 836 2398 talilus
853 2320 976 2398 libellis
997 2326 1095 2399 stiam
1117 2347 1195 2398 veta
1209 2322 1429 2430 referentibus
1440 2328 1524 2401 nihil
1537 2355 1678 2429 promo·

410 2422 501 2515 teri,
528 2421 778 2509 multominus,
801 2419 921 2492 fivana
931 2420 1112 2510 ostentent,
1135 2408 1246 2516 qualia
1257 2418 1386 2494 trrderat
1397 2421 1432 2493 in
1452 2421 1529 2498 illo:
1570 2428 1677 2502 Nun·

413 2539 517 2623 quarn
534 2519 625 2591 enim
642 2537 837 2614 quenquam
856 2513 876 2586 a
897 2510 930 2588 se
945 2515 1098 2612 audilis,
1115 2538 1197 2611 quae
1218 2514 1358 2679 tibiser
1375 2499 1551 2593 authorem
1568 2520 1678 2599 libelli

413 2613 628 2699 ttrbuantur,
650 2633 809 2707 tanquam
828 2607 944 2682 alletta
959 2633 1073 2683 coram
1091 2608 1141 2682 se:
1165 2607 1284 2702 Curre
1299 2611 1423 2704 pondi,
1443 2615 1538 2709 quod
1550 2618 1678 2711 resest,

415 2704 544 2779 salibus
558 2702 681 2777 libellis
702 2706 767 2778 ltoc
783 2705 945 2776 duntaxat
957 2703 1081 2801 quaeri,
1106 2722 1146 2773 ut
1160 2695 1249 2775 Aua
1267 2702 1301 2773 in
1314 2702 1442 2801 vulgus
1453 2705 1587 2780 tandem
1597 2734 1678 2785 exe·

416 2820 492 2887 ant,
514 2796 708 2894 nulliusque
723 2797 843 2889 famam
855 2803 1005 2890 onerari3
1026 2791 1179 2871 Tametsi
1196 2814 1254 2867 tua
1267 2794 1408 2884 interfit,
1426 2816 1464 2870 ut
1476 2799 1602 2875 testeris
1613 2804 1679 2877 hu·

417 2893 567 2967 'asmodi
583 2894 648 2965 lte
659 2918 726 2965 non
738 2893 827 2967 dista
839 2892 936 2966 mula
956 2890 1160 2980 securitatis,
1185 2913 1226 2962 ne
1236 2888 1397 2994 cuinulo
1415 2891 1494 2965 ltine
1503 2897 1578 2968 ansa
1591 2922 1680 2995 ptae·

479 3011 534 3061 tut
547 2988 728 3063 exhibendi
743 2989 803 3061 tibi
822 3013 863 3061 ne
888 2988 1014 3080 ocii‚&
1027 3006 1147 3061 caetera
1158 2983 1282 3092 opinor
1293 3009 1329 3058 tn
1343 2984 1433 3062 hanc·
1439 2988 1645 3069 sententiam.

470 3086 597 3157 lnterea
610 3083 788 3181 Zwinglio
799 3010 954 3156 lrbelum
967 3081 1159 3157 talemcum
1172 3078 1276 3153 ltteris
1288 3082 1425 3191 priuatis
1439 3088 1581 3182 proprio
1593 3113 1683 3165 nun·

416 3182 468 3252 tio
496 3178 587 3266 mili,
610 3178 670 3274 qui
732 3177 970 3249 roccafionem
989 3202 1028 3254 ca
1054 3199 1108 3250 tus
1127 3174 1191 3267 est,
1213 3175 1379 3251 &ablatis
1395 3177 1498 3255 lrtsris
1510 3206 1550 3256 ac
1563 3183 1681 3260 libello

412 3293 500 3347 'cum
512 3274 598 3347 dura
609 3203 754 3369 quallem
771 3272 812 3346 ad
834 3294 887 3345 me
907 3203 1060 3367 Epistola
1074 3269 1316 3345 Helvetiorum
1333 3271 1484 3380 remillus
1496 3276 1563 3368 e‘st,
1585 3277 1685 3373 Quid

320 3458 324 3463 .
420 3367 604 3466 scripserint
623 3370 750 3455 nescio,
774 3366 825 3459 (b)
848 3379 999 3467 auguror
1020 3386 1135 3457 tamen¹
1146 3366 1353 3465 gratulatum
1368 3389 1511 3440 mevrro
1532 3380 1685 3467 optimo,

327 3501 330 3507 ·
421 3466 516 3562 quod
533 3465 575 3537 ad
589 3463 707 3537 Baden
723 3486 793 3536 uon
819 3464 968 3554 venerit,
985 3464 1030 3535 ad
1049 3482 1182 3535 tantum
1207 3459 1421 3556 periculum,
1443 3461 1619 3536 hortatum
1642 3489 1684 3543 ut

1014 3557 1099 3631 02
1211 3623 1213 3628 .
1612 3557 1683 3634 for.

405 3714 548 3865 'tatone
559 3715 975 3892 iffillllzgaffilp
989 3704 1069 3808 'quas
1091 3709 1283 3797 sufficiunt,
1308 3713 1448 3784 indicata
1469 3708 1594 3790 suntin
1613 3723 1685 3811 ipso

419 3882 472 3968 (b)
529 3886 673 3951 nirnvsro
693 3888 847 3972 deinceps
865 3889 957 4040 wod
976 3883 1042 3972 ipse
1061 3882 1179 3969 Capito
1200 3876 1327 3947 suarum
1347 3881 1513 3951 literarum
1526 3884 1566 3953 ad
1580 3888 1687 3956 zwin-

859 3994 880 4060 P

459 3968 565 4054 gliutn
576 3966 725 4040 datarum
737 3989 857 4060 apogra
906 3992 962 4040 um
982 3970 1161 4055 receperit,
1184 3964 1338 4052 liquores
1352 3986 1412 4049 eo,
1429 3969 1521 4056 quod
1534 3970 1621 4061 apud
1636 3992 1687 4038 me
1786 4020 1789 4027 -

1623 4055 1688 4138 est,
