4442 5150
459 656 526 748 360
645 640 1027 722 HISTORIA
1070 636 1509 717 EVANGELII
1604 639 1842 744 nans..

506 779 629 875 Atque
648 779 728 850 haec
748 776 890 873 quidem
910 776 953 848 de
964 773 1199 847 celeberrimo
1211 772 1277 850 illo
1289 773 1485 869 Conventu
1496 771 1686 869 Bernenfr,
1705 780 1771 876 qui

460 898 543 948 cum
564 876 599 948 d.
621 888 676 950 26.
694 875 850 968 Januarii
869 869 1187 967 finemaccepiffet
1205 869 1225 942 ὲ
1245 869 1397 969 vestigio
1409 870 1697 948 Reformationis
1707 901 1772 951 ne·

458 976 603 1142 {orium
631 971 760 1071 majori
787 995 871 1044 cum
900 968 1054 1043 successu
1082 994 1145 1064 per
1171 967 1367 1040 universam
1386 969 1574 1065 qnapatet
1592 972 1772 1050 ditionem

494 1069 670 1143 ernensem
699 1065 864 1166 procedit
883 1074 956 1162 (υς
993 1066 1128 1162 Neque
1149 1068 1243 1138 enim
1263 1067 1391 1138 Bernae
1411 1089 1573 1160 tantum,
1599 1068 1657 1143 sed
1677 1073 1715 1146 ὃ(
1733 1076 1776 1163 in

459 1165 624 1240 finitimis
651 1167 762 1258 locis,
799 1165 940 1258 Missae,
974 1184 1171 1268 araenatque
1190 1162 1314 1234 statuae
1332 1163 1466 1258 ubique
1478 1186 1655 1260 remotae,
1681 1172 1775 1269 quin

459 1263 559 1356 imis,
589 1285 688 1337 totus
705 1267 858 1359 Papatus
876 1262 1066 1358 abrogatus
1084 1261 1154 1334 est:
1191 1261 1384 1357 Quidquid
1403 1261 1661 1359 superstitionis
1680 1291 1771 1342 con-

414 1411 419 1416 >
459 1381 515 1435 tra
542 1361 690 1437 verbum
718 1363 791 1436 Dei
817 1357 998 1435 inreflum
1021 1379 1096 1434 erat
1115 1357 1194 1455 (b),
1221 1357 1325 1431 fimul
1349 1359 1550 1434 tollendum
1570 1365 1607 1436 in
1625 1364 1715 1439 urbe
1731 1366 1772 1444 δι

498 1489 509 1505 ·
1614 1499 1617 1505 ·
1682 1485 1774 1564 agro

478 1580 483 1587 '
501 1577 551 1658 (a)
577 1575 675 1642 Hunc
691 1574 888 1660 processum,
904 1575 1088 1658 quanquam
1106 1591 1171 1638 non
1189 1571 1251 1636 line
1267 1571 1448 1639 intermixto
1464 1588 1536 1639 atrae
1550 1575 1687 1662 loliginis
1700 1578 1773 1645 sun-

459 1678 519 1742 c0,
550 1663 638 1726 nobis
661 1659 807 1726 accurati:
832 1660 900 1725 satis
924 1659 1098 1723 delineata
1121 1658 1164 1721 ud
1180 1654 1498 1722 RAINOLDUM
1517 1663 1547 1724 in
1566 1662 1716 1728 Annalib.
1731 1665 1774 1731 ad

458 1743 489 1805 b.
506 1759 534 1809 a.
552 1764 583 1807 n.
595 1765 644 1808 21.
662 1765 730 1830 pag.
742 1762 814 1826 523.
840 1742 891 1823 Jo.
910 1739 1080 1806 COCHL
1133 1739 1195 1805 US
1214 1741 1298 1804 hunc
1313 1742 1343 1805 in
1361 1743 1516 1808 modum:
1542 1791 1563 1825 „
1581 1743 1773 1832 Beruenses,

459 1827 653 1910 „prosecuti
676 1829 748 1894 sunt
771 1827 1009 1920 disputationem
1032 1825 1141 1903 fuam,
1173 1823 1358 1907 disputantes
1384 1825 1400 1888 d
1426 1826 1475 1889 die
1496 1843 1525 1906 7.
1544 1831 1703 1912 usquead
1719 1833 1771 1898 26.

458 1910 480 1991 ,'‚
499 1912 653 1990 Janrrarii:
705 1912 788 1976 ossea
809 1911 991 1990 judicarunt
1014 1908 1125 1972 decem
1147 1908 1292 1973 articalos
1310 1907 1395 1973 recle
1412 1912 1579 1993 probatos,
1603 1913 1681 1978 &in
1696 1914 1773 1981 scri·

458 2042 480 2074 ,‚
500 1997 594 2078 pruris
619 1933 766 2059 fundatos
790 1993 861 2058 effe.
901 1991 987 2057 Mox
1012 1991 1104 2075 igitur
1121 2011 1241 2055 novam
1257 1991 1419 2056 instituunt
1436 1994 1713 2080 reformationem,
1738 1999 1773 2066 in

459 2126 481 2159 ,‚
500 2099 563 2160 qua
586 2091 797 2161 praeceperunt
821 2076 923 2161 primo
945 2092 980 2140 ut
996 2077 1033 2139 ab
1049 2077 1196 2140 omnibus
1214 2075 1339 2141 subditis
1356 2076 1417 2140 suis
1433 2081 1640 2162 approbentur
1656 2081 1773 2149 decem

458 2208 481 2243 „
498 2161 637 2226 articuli:
670 2162 800 2242 deinde,
832 2175 867 2225 ut
889 2159 1000 2224 subditi
1023 2159 1160 2242 ipsorum
1181 2160 1263 2223 nulli
1281 2156 1299 2223 ὲ
1316 2176 1452 2243 quatuor
1469 2162 1619 2249 episcopis
1634 2162 1773 2249 amplius

457 2245 643 2328 „obediant
666 2246 696 2310 in
721 2247 811 2310 rebus
837 2244 1066 2323 ecclesiasticis,
1097 2263 1163 2308 non
1179 2241 1210 2305 in
1225 2244 1316 2308 rebus
1333 2246 1632 2330 matrimonialibus,
1655 2252 1773 2317 nonin

457 2377 480 2413 „
498 2330 878 2395 excommunicationibus
896 2329 927 2394 ἃ
944 2327 1207 2414 absolutionibus,
1230 2346 1296 2391 non
1312 2328 1342 2392 in
1357 2331 1556 2412 perceptione
1567 2329 1771 2418 Chrismatis,

459 2462 481 2497 „
498 2433 564 2478 non
586 2416 617 2480 in
642 2413 872 2495 oblationibus,
897 2411 1110 2494 decimisque,
1135 2411 1313 2558 &frugum
1330 2413 1467 2495 primitiis
1484 2414 1546 2480 dcc.
1568 2412 1704 2481 Deinde
1718 2420 1774 2484 ab·

457 2547 480 2583 „
497 2499 660 2564 solverunt
677 2496 892 2581 {juramentis
908 2496 1013 2581 episco
1037 2496 1206 2579 optastitis
1250 2514 1383 2577 ecanos,
1400 2501 1608 2583 camerarios,
1645 2502 1771 2587 astures,

457 2630 480 2667 ,‚
497 2586 753 2665 concionatores,
778 2584 808 2649 ἀ
826 2583 984 2666 quoslibet
1030 2580 1152 2644 ccleiiae
1168 2578 1335 2645 ministros.
1359 2580 1471 2648 Postea
1485 2604 1563 2650 cum
1579 2523 1644 2669 ipsi

457 2716 480 2751 ,‚
498 2668 552 2732 sua
570 2667 639 2747 jam
663 2667 806 2733 demoliti
829 2664 926 2731 essent
950 2666 1056 2730 altaria
1077 2678 1172 2746 atque
1194 2664 1344 2749 imagines
1368 2666 1485 2749 ubique
1500 2668 1531 2732 in
1549 2671 1674 2754 templis
1690 2673 1772 2757 suis,

456 2799 479 2835 „
497 2750 674 2836 Missasque
694 2753 814 2837 penitus
829 2747 1050 2819 aboteviffent,
1074 2766 1288 2832 preceperunt
1304 2748 1449 2831 subditis,
1475 2765 1510 2815 ut
1548 2774 1581 2817 er
1596 2773 1694 2820 omne
1709 2772 1774 2821 ter·

457 2884 479 2918 „
496 2836 641 2914 ritorium
657 2837 751 2902 suum
766 2837 851 2900 idem
868 2834 1013 2899 facerent.
1038 2830 1166 2896 Deinde
1180 2834 1369 2917 abrogarunt
1384 2852 1498 2900 omnes
1561 2835 1646 2921 iffas,
1670 2840 1702 2904 dt
1718 2860 1773 2907 ex·

455 2967 479 3005 „
496 2921 639 3004 sequias,
669 2918 953 3001 armiversariasque
976 2918 1145 2982 memorias
1171 2915 1414 2999 defundiorum,
1442 2918 1643 2986 fraternitates
1660 2925 1773 2989 viven-

455 3050 479 3087 „
497 3005 602 3084 tium,
635 3004 842 3069 dedicationes
867 3006 1082 3086 templorum,
1108 3001 1225 3065 habitus
1249 3002 1482 3065 monachorum
1507 3002 1537 3064 ἀ
1559 3004 1770 3087 monialium,

457 3134 480 3171 „
498 3086 590 3157 usum
615 3087 772 3151 sacrarum
796 3084 949 3167 vestium,
983 3085 1046 3149 dies
1066 3082 1284 3164 jejuniorum,
1316 3082 1390 3147 festa
1410 3082 1612 3165 sandiornm,
1636 3086 1667 3150 ἀ
1692 3091 1772 3171 quid

455 3220 478 3256 ,‚
497 3170 583 3236 noa?
608 3170 818 3235 Permiserunt
832 3186 938 3235 autem
957 3168 1177 3235 Sacerdotibus
1194 3186 1327 3248 uxores,
1344 3186 1442 3233 novas
1458 3170 1579 3252 nuptias
1588 3176 1772 3259 monachis,

455 3256 662 3340 „sacrilegos
688 3254 887 3320 monialibus.
934 3254 971 3318 In
996 3253 1060 3318 fine
1083 3268 1211 3332 tamen,
1250 3267 1286 3315 ut
1310 3249 1383 3316 fidei
1408 3250 1469 3315 snae
1494 3254 1771 3341 incertitudinem,

455 3391 478 3427 „
497 3340 760 3419 conscientiaque
782 3338 1014 3437 palpitationem
1037 3358 1073 3404 ac
1090 3352 1214 3401 metum
1231 3335 1414 3418 proderent,
1438 3332 1621 3413 adjecerunt
1639 3339 1702 3403 sese
1717 3343 1772 3406 ubi

455 3475 476 3509 „
497 3426 629 3490 meliora
652 3423 738 3507 dosii
762 3423 894 3506 fuerant,
918 3444 953 3488 ea
969 3424 1098 3487 libenter
1112 3424 1316 3505 amplexuros
1332 3417 1412 3503 effe,
1436 3417 1555 3485 &earn
1570 3421 1788 3492 reformatio.

453 3559 476 3593 „
495 3529 568 3575 nens
586 3514 670 3575 velle
687 3511 739 3573 vel
756 3527 870 3591 augere
886 3510 937 3571 vel
956 3509 1106 3572 minuere.
1125 3553 1148 3585 „

498 3597 546 3672 (a)
572 3596 641 3673 Cas
655 3644 661 3656 .
681 3589 967 3663 MEGANDER
986 3590 1174 3655 Comment.
1191 3589 1221 3652 in
1238 3585 1297 3672 Ep.
1312 3588 1351 3652 ad
1369 3585 1480 3672 Ephes.
1498 3612 1528 3673 p.
1542 3607 1612 3673 131.
1637 3591 1772 3660 &exeo

454 3613 703 3742 sCUuTiT.
728 3676 766 3743 ad
782 3678 812 3739 h.
831 3697 858 3740 a.
883 3673 966 3740 Sunt
982 3674 1061 3738 verb
1079 3673 1163 3738 lebtu
1182 3672 1292 3756 pariter
1307 3693 1344 3736 ac
1359 3672 1561 3739 meditatione
1578 3677 1769 3761 dignissima,

478 3780 526 3822 uae
550 3758 632 3823 circi
658 3762 736 3826 hanc
761 3759 1035 3827 Reformationem
1061 3758 1210 3843 peculiari
1233 3773 1304 3821 tum
1328 3754 1445 3823 Edicto
1469 3760 1524 3842 pei
1548 3758 1773 3845 Magistratum

452 3781 645 3910 gernensem
668 3845 790 3908 decreta
806 3845 877 3909 funt
892 3860 987 3926 atque
1003 3841 1178 3926 publicata,
1225 3860 1340 3924 uaeque
1354 3862 1393 3907 ex
1410 3840 1501 3926 Reip.
1525 3841 1688 3910 Beruensrs
1706 3846 1775 3910 Ar·

452 3927 548 3993 chiro
574 3926 644 3990 sunt
666 3931 759 3992 allata
782 3929 798 3991 l
823 3926 958 3994 Dodlifs.
977 3862 1229 3993 Rucnnud
1247 3924 1351 3989 Tum.
1369 3925 1413 3990 11.
1438 3948 1468 4011 p.
1486 3945 1768 4008 209--215.

452 4012 595 4094 itemque
625 4030 661 4074 ea
690 4031 761 4092 que
791 4013 936 4095 delegatis
967 4010 1180 4090 Bernenlium
1197 4008 1236 4073 ad
1259 4008 1496 4074 reformandam
1519 4012 1697 4078 universam
1721 4014 1768 4076 di·

453 4098 573 4162 tionem
599 4093 789 4161 Beruensem
811 4097 883 4163 sunt
904 4095 1129 4162 commendata
1153 4111 1222 4177 pag.
1235 4093 1516 4175 216-——219.
1558 4094 1647 4159 Cum
1670 4115 1708 4161 ex
1732 4098 1767 4164 iis

451 4182 599 4247 narratibus
624 4178 767 4262 consset,
808 4194 925 4265 quanta
947 4198 1025 4243 cum
1049 4181 1182 4261 pietate,
1219 4175 1458 4258 moderatione,
1490 4178 1651 4261 pmdentia
1671 4195 1769 4263 atque

450 4268 641 4337 humanitate
665 4261 835 4331 Beruenses
859 4257 1060 4348 processerint
1085 4263 1116 4346 in
1140 4254 1328 4325 renovandis
1352 4259 1442 4325 sacris
1465 4280 1561 4344 atque
1576 4268 1772 4353 repurganda
1816 4331 1823 4337 ,

452 4354 466 4417 l
486 4352 590 4420 scoriis
606 4350 766 4441 papalibus
783 4346 858 4414 fidei
875 4342 1034 4430 (tourins,
1057 4345 1313 4430 excutiendoque
1329 4344 1645 4415 Antichriflianismo.

1649 2588 1680 2652 in
1695 2589 1774 2655 urbe
