4442 5150
455 686 514 739 res·
533 666 625 757 Hufs·
649 661 684 734 in
712 659 769 734 illa
793 658 934 760 Synodo
966 660 1239 751 condemnatos,
1255 660 1288 732 in
1313 659 1504 762 Evangelio
1529 665 1659 740 Christi
1688 692 1741 745 ue·

456 757 611 832 doarina
634 756 797 829 contineri
816 804 835 845 ,2
852 757 986 852 hocque
1005 757 1037 828 se
1053 755 1276 851 probaturum
1290 755 1577 855 defensurumque
1589 691 1730 857 prolite-

459 872 528 926 tur.
577 854 675 925 Tum
693 853 734 923 ad
756 875 827 923 eam
842 851 1071 946 intemperiem
1097 850 1511 949 animi„dementiamque
1536 859 1728 950 progressus

458 948 526 1036 est,
544 967 583 1020 ut
600 966 712 1041 aperte
729 945 916 1044 glorietur,
938 947 961 1016 fi
984 943 1167 1041 praedis’tus
1189 950 1275 1040 Huss
1298 945 1398 1020 semel
1415 948 1593 1021 haereticus
1611 948 1730 1043 suerit,

458 1041 492 1114 se
517 1041 638 1113 merito
653 1041 761 1112 decies
778 1065 839 1135 pro
852 1040 1011 1113 haeretico
1028 1037 1219 1115 habendum
1237 1040 1322 1114 else„

416 1131 421 1142 ’
510 1137 613 1210 Xlll.
635 1136 694 1207 Ne
712 1159 793 1206 vero
814 1156 950 1223 carteia,
977 1133 1089 1206 studio
1104 1132 1302 1224 brevitatis,
1326 1135 1501 1209 innumera
1515 1140 1655 1210 Lurheri
1670 1137 1730 1210 fla,

457 1229 540 1337 grtia
562 1230 679 1303 ordine
700 1228 959 1325 persequamur,
991 1230 1240 1303 constathunc
1267 1231 1406 1302 unicum
1434 1257 1503 1303 non
1531 1233 1736 1324 hominem,

459 1327 515 1399 scd
534 1324 738 1397 Daemonem
770 1328 883 1419 potius
906 1323 1018 1429 figura
1038 1343 1072 1395 et
1091 1322 1198 1418 specie
1216 1324 1369 1396 humana
1385 1326 1728 1436 cuculloque'mona·

458 1419 543 1492 stico
560 1420 758 1505 indutum,
784 1419 1014 1514 complurium
1034 1417 1270 1492 lraereticorum
1296 1441 1446 1492 extreme
1462 1422 1630 1495 damnatas
1658 1422 1729 1494 hae·

457 1517 558 1602 reses,
583 1538 661 1609 quae
676 1513 803 1610 jamdiu
819 1511 1072 1597 obsoleverant,
1100 1515 1134 1583 in
1151 1537 1253 1585 unam
1267 1513 1360 1609 quasi
1375 1515 1550 1588 lernaeam
1567 1518 1725 1610 paludem

457 1609 616 1707 coegisse,
646 1607 837 1700 multasque
850 1627 1008 1702 praeterea
1025 1625 1171 1678 recentes
1187 1627 1288 1701 atque
1300 1631 1404 1680 novas
1418 1609 1637 1706 excogitasse,
1658 1613 1735 1683 hoct-

457 1724 626 1798 praetextu
648 1702 743 1797 quod
767 1700 868 1771 fidem
891 1700 1074 1793 praedicet,
1107 1724 1210 1796 quam
1237 1723 1412 1798 propterea
1436 1702 1551 1776 sedulo
1577 1705 1728 1778 inculcat

455 1795 642 1885 omnibus¹
655 1818 693 1868 ut
713 1819 825 1867 veram
844 1794 1071 1890 sinceramque
1088 1792 1192 1866 fidem
1209 1795 1357 1869 destruat
1373 1816 1407 1870 et
1424 1795 1652 1871 labefactatae
1663 1799 1726 1871 sub

455 1890 753 1987 nominefucoque
766 1886 1161 1988 Evangelicaedosltinae
1177 1915 1312 1964 omnem
1331 1891 1572 1990 Evangelicam
1592 1917 1727 1988 pacem,

357 2044 360 2050 .
453 2007 489 2060 et
504 1987 714 2074 charitatem,
732 1984 900 2058 bonarum
918 2007 1031 2056 rerum
1054 1984 1284 2074 harmoniam,
1309 2006 1412 2081 atque
1432 1984 1726 2076 constitutionem,

454 2081 559 2177 ipsam
570 2081 717 2176 denique
729 2079 990 2176 pulcherrimam
1004 2077 1401 2175 ecclesiaehierarchiam,
1412 2081 1608 2178 extinguat,
1630 2106 1737 2156 ever--

454 2175 695 2266 tat„di1solvat
706 2195 740 2247 et
751 2174 895 2248 obruat..

508 2273 611 2344 XlV.
636 2272 727 2341 Haec
742 2269 986 2343 omniamente
1009 2269 1471 2368 cogitationequecompl'exi
1484 2295 1548 2366 pro
1561 2270 1735 2368 potestate·

453 2385 559 2460 atque
570 2363 703 2462 fastigio
714 2363 877 2435 Caesareae
897 2364 1020 2441 nostrae
1039 2364 1226 2437 sundlionis
1244 2366 1286 2436 ad
1304 2366 1397 2460 quod
1420 2366 1595 2440 divinitus¹
1610 2366 1723 2439 evesti

453 2461 589 2547 sumus,
613 2482 745 2555 proque
758 2456 913 2555 singulari
931 2480 1044 2528 amore
1055 2478 1088 2529 et
1100 2457 1321 2551 propenfione
1332 2458 1534 2546 voluntatis,
1560 2484 1627 2557 qua
1640 2484 1722 2533 curn

369 2562 373 2567 ’
454 2553 676 2662 Religionem
707 2553 929 2626 Christianam
960 2549 1164 2624 nostrorum,
1186 2552 1352 2647 majorum
1382 2553 1544 2648 exemplo
1563 2555 1726 2649 asserere,

456 2669 566 2740 tuen,
587 2671 824 2748 propugnare:
849 2668 923 2721 turn
934 2644 1131 2736 Pontificis,
1154 2644 1351 2742 antraque.
1363 2645 1445 2719 sedis
1464 2646 1627 2723 honorem
1645 2649 1725 2749 dig·

455 2743 874 2839 nitatemquecumulare,
897 2762 931 2816 et
950 2741 1094 2815 stabilire
1116 2739 1260 2815 mirifice
1275 2741 1457 2837 cupimuS,
1480 2744 1722 2839 expendimus,

453 2864 668 2936 nequaquam
687 2861 764 2921 nos,
777 2858 898 2934 praeter
909 2838 1008 2928 supra
1018 2858 1312 2926 commemoratas,
1333 2835 1518 2932 pontificiae
1531 2837 1723 2916 Sanstiratis

452 2934 702 3008 exhortationes
733 2952 848 3028 atque·
867 2932 1056 3027 postulata,
1089 2930 1166 3004 stne·
1183 2930 1302 3029 insigni
1326 2932 1582 3029 vituperatione,
1601 2933 1723 3025 nostri,

450 3028 659 3104 contumelia
681 3026 881 3103 detrimento
909 3050 950 3099 ue
973 3024 1136 3117 ecclesiae,
1158 3025 1204 3098 in
1220 3045 1467 3124 tantarumque
1480 3027 1586 3100 atroci
1607 3026 1720 3118 causa,

452 3123 656 3224 negligentia
678 3141 816 3227 peccare
864 3051 953 3209 osb,
978 3122 1063 3196 ficut
1082 3134 1144 3195 'nec
1155 3122 1261 3195 facere
1281 3118 1468 3206 debemus,
1489 3146 1551 3194 nec
1561 3120 1724 3196 haslenus

454 3243 607 3317 unquam
625 3218 767 3291 faciendi
792 3147 890 3289 noiiis
905 3216 969 3290 suit
984 3218 1133 3304 animus,
1155 3240 1275 3288 verum
1296 3216 1425 3311 potius,
1446 3217 1622 3289 Caesarum
1641 3219 1721 3290 Ro·

452 3335 659 3401 manorum„
674 3312 1054 3409 Majorumnollrotum
1072 3309 1220 3408 vestigiis
1230 3309 1618 3407 iohaerere‚.eorumque
1634 3336 1734 3407 prae··

453 3405 545 3480 clare
556 3432 618 3501 pro
631 3406 734 3480 salute
745 3429 777 3479 et
788 3406 977 3480 defensione
984 3406 1173 3478 Catholicae
1190 3402 1350 3478 Ecclesiae
1360 3405 1451 3503 gesta
1462 3405 1722 3494 imitari,lauda·

453 3497 565 3593 tisque
581 3500 904 3589 constitutionibus,
917 3500 1064 3595 quaein·
1078 3498 1284 3593 perniciem,
1309 3500 1497 3589 ultionem,
1521 3520 1554 3574 et
1573 3501 1734 3599 extirpa·-

452 3594 831 3669 tionem·haereticorutn
845 3593 944 3668 fatrae
955 3597 1050 3683 l'unt,
1066 3617 1130 3685 pro
1143 3592 1231 3666 virili
1242 3617 1363 3690 parere.
1373 3594 1592 3668 studebimus.
1734 3659 1736 3664 .

503 3686 603 3760 XV..
633 3693 697 3763 Ac
721 3690 934 3784 peculiariter
960 3688 1069 3786 hujus·
1095 3688 1224 3787 negotii
1251 3685 1376 3777 causa,
1406 3687 1538 3761 nostros
1572 3690 1722 3789 sacrique
1781 3749 1783 3753 -

453 3782 590 3878 Imperii
609 3781 805 3871 electores,
827 3784 1045 3883 principes-et
1059 3781 1161 3866 status
1171 3785 1241 3882 jam
1258 3782 1438 3881 aliquoties
1449 3784 1504 3857 hic
1517 3786 1735 3864 Wormatiae·

450 3881 577 3955 alnos.
589 3877 703 3954 venire
722 3877 1383 3976 juffimus,totaqueconrroverfia,‚ut
1400 3878 1738 3991 evidensnecelhtas.

874 4008 877 4018 ·
1609 4000 1735 4073 seqlui
