4442 5150
463 613 531 680 ma
649 564 1525 675 urar-oumuvruortrr
1597 597 1766 700 ama

457 730 651 829 Qridquid
678 729 751 822 lit,
794 731 822 804 is
847 731 1028 803 Themata
1052 726 1216 824 quaedam
1243 726 1478 824 composuit,
1512 729 1642 828 quibus
1667 757 1766 810 verae

405 842 410 853 “
457 829 633 904 doetrinae
659 827 794 902 summa
815 829 853 902 &
871 828 1148 923 repugnantium
1168 825 1220 898 illi
1239 849 1401 897 errorum
1419 828 1456 901 &
1475 825 1649 902 abusuum
1667 833 1765 904 Pon·

457 926 657 1001 tificiorum
685 924 934 1023 castigationes
959 920 1366 1019 comprehendebantur.
1409 924 1463 996 Ea
1480 925 1628 1021 publice
1646 926 1767 1025 primo

457 1022 603 1098 fuerunt
629 1021 758 1113 affixa,
800 1039 908 1118 atque
932 1019 1131 1118 deinceps,
1166 1021 1403 1099 conveniente
1429 1024 1567 1119 ingenti
1593 1048 1639 1096 ex
1665 1027 1768 1099 omni
1822 1095 1826 1099 .

456 1102 577 1195 Halsra
602 1119 834 1193 multitudine
853 1120 891 1192 &
909 1141 955 1191 ex
973 1116 1145 1190 universis
1166 1115 1334 1209 statibus,
1359 1117 1393 1190 d.
1414 1119 1487 1191 Xl.
1506 1119 1661 1194 Kalend.
1679 1124 1768 1197 No·

454 1219 612 1291 vembris
628 1219 692 1290 sub
709 1218 854 1289 nomine
866 1216 1131 1296 Paradoxorum,
1142 1221 1225 1310 (pto
1241 1238 1342 1293 more
1359 1214 1483 1304 seculi)
1503 1220 1772 1303 contraPoutia

455 1315 558 1388 ficios
585 1339 631 1388 ex
656 1314 823 1387 omnibus
850 1313 1030 1386 coenobiis
1052 1313 1088 1385 δε
1108 1311 1272 1409 collegiis
1290 1333 1530 1410 congregatos
1546 1314 1626 1389 sunt
1642 1316 1766 1392 defen·

408 1443 410 1453 ’
455 1413 516 1504 sar,
559 1409 731 1509 praesente
764 1411 1001 1507 Principe&
1034 1432 1097 1504 pet
1133 1409 1396 1481 Cancellarium
1423 1413 1591 1487 omnibus
1617 1413 1767 1490 liberam

455 1510 657 1606 disputandi
704 1506 888 1582 otestatem
908 1506 1081 1579 faciente:
1101 1507 1254 1579 Adamas
1267 1527 1384 1578 autem
1396 1507 1558 1584 Crastius
1577 1509 1768 1605 (sivem-

455 1609 504 1695 ιο)
523 1534 730 1699 Fuldenlss,
756 1604 1024 1678 Melanchtonis
1041 1605 1177 1675 amicus
1196 1601 1401 1699 fingularis,
1419 1625 1527 1705 atque
1545 1605 1653 1706 ipsius
1663 1612 1767 1683 Prin·

454 1707 546 1801 cipis
564 1705 607 1777 ab
625 1704 745 1799 aliquo
763 1725 927 1798 ternpore
945 1701 1196 1773 Contionator
1211 1702 1369 1794 aulicus,
1396 1703 1468 1799 ipsa
1488 1706 1568 1780 haec
1584 1708 1767 1782 Themata

455 1799 675 1875 Germanice
704 1801 801 1898 quod
828 1801 933 1896 hujus
952 1799 1086 1894 linguae
1107 1799 1248 1893 ignarus
1266 1797 1348 1870 esset
1368 1799 1767 1901 Lambettus,·prima·

454 1903 527 1972 tius
551 1903 587 1971 in
606 1900 672 1970 hac
685 1897 833 1994 Synodo
850 1897 1071 1990 disputator,
1091 1895 1153 1986 iis,
1172 1896 1234 1990 qui
1253 1895 1288 1967 id
1299 1894 1489 1990 volebant,
1507 1900 1766 1995 interpretaba-

455 2014 537 2087 tur,
554 2017 661 2087 atque
678 2019 761 2067 cunr
780 1996 844 2085 iis,
863 1995 924 2088 qui
942 1992 1112 2064 seLatina
1122 2015 1194 2064 non
1205 1991 1406 2088 intelligere
1416 1993 1701 2089 profitebantur,
1719 2022 1766 2072 cx

453 2093 566 2164 verbo
595 2093 668 2164 Dei
693 2092 834 2190 agebat.
878 2089 1005 2186 Quum
1030 2084 1116 2160 vero
1136 2113 1243 2160 nemo
1261 2092 1453 2185 quicquam
1472 2090 1634 2165 adversus
1653 2094 1766 2170 theses

454 2186 535 2263 istas
552 2213 596 2264 ex
618 2191 689 2261 Dei
709 2188 825 2269 verbo¹
839 2188 999 2285 proferre
1017 2183 1154 2284 posset,
1181 2189 1219 2260 &
1238 2187 1309 2283 ipse
1326 2190 1492 2263 Nicolaus
1509 2194 1652 2282 Ferber,
1672 2191 1765 2290 apa·

455 2288 525 2360 tria
558 2291 713 2363 Herborn
739 2284 879 2378 dissue,
924 2284 1149 2358 Guardianus
1176 2284 1493 2360 Franciscanorum
1521 2289 1766 2388 Marburgen·

454 2382 569 2479 sium,
604 2386 665 2481 qui
692 2383 971 2457 Pontificiorum
990 2381 1130 2455 causam
1148 2385 1310 2455 omnium
1329 2384 1424 2478 quafi
1444 2388 1590 2459 nomine
1607 2386 1767 2485 suscepe-

452 2503 509 2557 rat
536 2482 707 2582 postridie
732 2506 815 2554 curn
843 2481 1041 2554 Lamberto
1070 2475 1305 2577 congressus,
1339 2481 1527 2556 maledieta
1554 2485 1699 2583 quidem
1727 2488 1766 2562 &

456 2582 650 2655 calumnias
669 2580 710 2654 ad
731 2580 905 2671 Ecclesiae
924 2576 1158 2652 offensionem
1180 2576 1405 2675 protulisset,
1431 2580 1475 2653 de
1494 2604 1630 2658 caetero
1646 2605 1767 2659 autem

454 2680 671 2777 exceptione
693 2678 762 2753 foti
779 2678 1054 2779 disputationem
1073 2676 1299 2771 declinasset,
1324 2696 1431 2774 atque
1450 2676 1470 2751 ὲ
1487 2682 1656 2780 Principe
1671 2686 1767 2782 ejus·

452 2801 522 2873 que
550 2780 776 2853 Cancellario
797 2779 1009 2877 aliquoties,
1034 2794 1077 2847 ut
1093 2799 1138 2847 ex
1158 2776 1284 2848 Verbo
1303 2777 1376 2847 Dei
1393 2775 1507 2851 theses
1525 2782 1767 2871 examinaret,

452 2876 678 2968 admonitus,
713 2878 857 2951 demum
887 2871 1141 2962 obmutuisset,
1171 2873 1260 2943 alter
1276 2869 1387 2957 vero,
1414 2876 1475 2963 qui
1494 2878 1602 2945 tertio
1621 2878 1679 2946 die
1697 2876 1766 2946 ob·

451 2974 552 3069 loqui
574 2974 695 3063 ausus,
722 2970 916 3065 Lipfienfis
936 2968 1135 3061 Magister,
1161 2970 1334 3058 Johannes
1351 2969 1491 3058 Sperber
1507 2971 1576 3059 (a),
1595 2969 1692 3063 quod
1709 2972 1766 3139 pil

1436 3116 1451 3156 s
1739 3092 1750 3138 1

452 3240 618 3293 morentur
644 3220 833 3303 Paradoxa,
864 3241 935 3303 quae
960 3220 1067 3283 itidem
1092 3216 1307 3284 Miscellaneis
1333 3217 1617 3303 Duisburgenfibus
1642 3224 1765 3293 inobis

451 3311 523 3375 sunt
547 3307 674 3385 inserta,
707 3306 828 3367 filentio
852 3303 1085 3367 involvendum
1102 3323 1166 3366 nou
1184 3321 1247 3367 erat
1264 3302 1464 3368 Paradoxum
1484 3307 1598 3389 Vlll.‚
1622 3313 1709 3391 quod
1727 3314 1767 3378 ita

452 3394 483 3459 se
502 3394 606 3457 habet:
638 3388 837 3471 Eucharistia
854 3389 895 3471 est
907 3390 1085 3474 gratiarum
1103 3387 1180 3449 aetio
1197 3412 1231 3449 ac
1248 3391 1394 3451 memoria
1410 3392 1564 3471 omnium,
1587 3415 1653 3480 puae
1670 3395 1697 3456 C
1700 3394 1766 3457 hri·

443 3478 514 3561 stus
538 3479 571 3542 in
596 3500 687 3540 carne
707 3492 765 3564 pro
790 3473 872 3536 nobis
884 3472 974 3553 fecit.
1012 3473 1051 3535 In
1068 3495 1104 3533 ea
1120 3468 1455 3555 vifibilessebstantiae‚
1479 3476 1561 3556 ejus,
1588 3480 1642 3564 qui
1657 3480 1766 3556 intrist-

451 3562 557 3625 biliter
579 3563 678 3645 adest,
701 3556 792 3647 ſsgna
807 3560 906 3639 sunt:
938 3555 1017 3636 Usus
1012 3557 1098 3716 ὥρης
1115 3557 1177 3652 est,
1200 3559 1368 3619 communio
1378 3557 1522 3639 fidelium
1540 3561 1572 3621 in
1590 3584 1766 3625 commemo·

452 3648 601 3712 rationem
619 3668 754 3727 omniunt
772 3662 895 3741 operum
909 3664 993 3789 pppis
1070 3666 1085 3702 c

946 3751 960 3788 e

1126 3657 1181 3703 ms
1197 3642 1288 3724 nostri
1306 3640 1435 3704 Chriti:
1466 3643 1553 3708 Huic
1570 3644 1674 3728 itaque
1692 3645 1766 3713 Du·

1087 3664 1105 3701 a

986 3749 1072 3789 orum
1088 3656 1351 3789 iseformatotum
1367 3722 1456 3787 Fides
1466 3724 1477 3786 !

452 3728 558 3821 &tium
574 3730 676 3794 innixa
690 3729 750 3793 fuit
765 3744 895 3815 antequa

494 3831 544 3910 (a)
569 3827 623 3893 De
645 3830 706 3890 hoc
731 3829 773 3892 ita
798 3823 1105 3894 LAMBERTUS
1129 3823 1159 3888 in
1177 3822 1236 3909 Ep.
1260 3824 1298 3888 ad
1316 3824 1526 3891 Colonienses
1542 3826 1610 3893 data
1626 3850 1694 3915 pag.
1711 3848 1765 3912 43.

453 3913 581 3979 Postera
605 3911 740 3993 denique
763 3912 831 3994 die,
862 3932 938 3977 curn
956 3911 1114 3994 synodum
1130 3910 1415 3988 concluderemus,
1440 3911 1470 3975 ἃ
1487 3913 1524 3975 ad
1543 3914 1641 3976 finem
1659 3916 1766 3977 omnia

322 4054 324 4058 ,
453 3995 589 4064 deducta
612 3997 809 4073 viderentur,
840 3996 1009 4060 exsurrexit
1024 4012 1107 4058 unus
1124 4013 1161 4058 ex
1181 3991 1339 4077 Magistris
1356 3994 1464 4059 nollris
1484 3994 1690 4078 Lipsiensrbus
1706 3996 1765 4073 Jo-

452 4083 567 4146 hanuet
584 4080 734 4166 Sperber,
752 4080 806 4162 qui
825 4080 950 4143 tandem
967 4080 1026 4143 fuit
1042 4092 1107 4142 tam
1124 4075 1264 4158 dejedtus
1281 4099 1333 4160 per
1349 4080 1434 4142 verbi
1446 4078 1509 4143 Dei
1524 4080 1712 4163 potentiam,
1730 4095 1765 4143 ut

453 4186 550 4230 nemo
566 4165 713 4230 etiamen
730 4164 845 4249 pietatis
863 4162 997 4228 hostibus
1016 4181 1080 4228 non
1097 4162 1219 4226 doleret
1236 4162 1324 4247 super
1341 4162 1425 4228 illius
1443 4162 1631 4247 ignominia,
1654 4181 1691 4225 ac
1704 4162 1765 4227 mi·
1781 4207 1787 4220 ,

453 4250 601 4318 sereretur
617 4250 697 4335 ejus.
736 4247 899 4317 Confusus
916 4263 1023 4317 autem
1039 4245 1126 4316 brevi
1143 4246 1276 4331 deseeit,
1298 4261 1334 4314 ut
1349 4247 1461 4333 synodi
1477 4244 1563 4313 Asia
1578 4243 1735 4311 testantur.
