4442 5150
776 603 1774 739 annovns1.239

516 755 586 835 Sed
613 755 651 835 &
670 759 868 855 Joachimus
885 759 1173 834 VADIANUS
1192 783 1236 833 ex
1255 759 1386 834 familia
1403 760 1516 836 nobili
1535 763 1771 863 San-gallensi

466 877 686 1027 propinatus,
705 859 776 930 hoc
796 859 872 954 ipso
891 878 1073 950 tempore,
1094 857 1152 930 vel
1168 854 1276 954 poulo
1289 856 1390 955 post,
1412 860 1776 963 Viennenseminqun

463 977 529 1028 ver
544 953 668 1027 abatur
695 955 924 1027 Academiam
954 955 1176 1048 relinquens,
1202 961 1307 1050 atque
1326 957 1450 1050 patriae
1470 959 1678 1033 inserviendi
1700 966 1772 1036 stu·

464 1050 528 1124 dio
546 1049 658 1125 taikns
675 1053 716 1125 ad
738 1053 851 1125 SANJ
865 1050 1183 1126 GALLENSES
1201 1051 1234 1124 se
1252 1052 1429 1145 contulit,
1453 1073 1560 1151 atque
1578 1056 1772 1136 Reforma-

464 1149 574 1222 tionis
601 1150 751 1245 negotio
780 1169 921 1222 manum
950 1149 1112 1241 adjecit,
1156 1148 1394 1243 prosperrimo
1420 1150 1558 1261 gavisus
1586 1151 1770 1250 successu,

464 1246 564 1341 quod
591 1247 775 1318 Senatorio
801 1268 907 1342 atque
935 1244 1353 1341 deinceps-Consularis,
1380 1270 1449 1339 qua
1467 1272 1501 1318 sn
1521 1252 1633 1359 patria
1650 1250 1770 1348 fulge·

349 1361 353 1365 ’
464 1342 739 1438 bat·,-Dignitas
758 1365 921 1440 magnam
940 1341 1005 1439 ipss
1024 1343 1060 1413 in
1080 1343 1327 1439 promovendo
1347 1344 1417 1417 hoc
1436 1364 1584 1440 negotio
1599 1351 1776 1421 concilia·v

464 1459 519 1513 ret
537 1438 796 1512 austoritatem.
1298 1492 1300 1496 .
1763 1516 1766 1521 ,

513 1538 648 1632 Neque
674 1534 760 1609 vero
783 1535 925 1608 deerant
944 1535 979 1606 in
998 1535 1084 1608 urbe
1111 1536 1672 1616 CONSTANTIENSI
1694 1544 1769 1638 jam

463 1654 565 1727 tum,
602 1634 663 1729 qui
689 1635 745 1706 vel
766 1634 1005 1729 Evangelium
1024 1655 1301 1726 promoverent,
1327 1636 1384 1707 vel
1403 1635 1468 1730 ipss
1488 1635 1769 1714 Reformationis

461 1730 632 1805 succeffui
659 1734 750 1802 viam
780 1750 963 1826 pararent;
1002 1731 1064 1803 Ne
1087 1733 1162 1826 jam
1181 1732 1265 1823 Joh.
1285 1734 1491 1804 Wannernm
1509 1733 1768 1809 commemore-

462 1852 540 1901 mus
560 1827 796 1902 Eccleiiasten
815 1824 934 1922 primo
957 1827 1305 1921 Kaufbeyerensem,
1332 1827 1497 1925 deinceps
1518 1832 1770 1905 constantien-
1864 1841 1866 1843 ’

463 1926 555 2018 sem,
575 1927 635 2020 qui
655 1947 791 1997 mature
811 1927 888 1996 satis
908 1945 1055 2021 propter
1074 1926 1228 2020 purioris
1243 1926 1591 2020 religionisamosem
1603 1931 1637 1999 in
1648 1929 1771 2004 odium

463 2025 615 2097 incurrit
641 2023 856 2118 publicum,
889 2043 995 2116 atque
1022 2024 1119 2094 inter,
1139 2023 1204 2093 alia
1231 2043 1347 2093 tannen
1376 2025 1455 2096 hac
1484 2025 1587 2120 plena
1615 2026 1698 2099 fidei
1724 2029 1767 2101 ad

462 2120 686 2216 Zwinglium
707 2121 814 2192 verba
832 2119 969 2213 scripsit
989 2122 1059 2212 (a):
1087 2127 1206 2194 Arme
1223 2122 1370 2192 hannon
1388 2124 1551 2194 turbant:
1568 2125 1668 2196 Malo
1685 2131 1771 2198 enim

460 2223 520 2313 effe
547 2220 756 2311 Christianus
782 2241 853 2288 cum
880 2220 1056 2289 multorum
1082 2219 1237 2308 invidia,
1271 2241 1369 2313 quum
1395 2225 1575 2314 relinquere
1602 2223 1770 2315 Christum

456 2314 1514 2503 titt'ett'tittttt,ttrite&inmittit
1527 2317 1771 2512 &iiiiii

462 2512 566 2585 BLA
614 2508 796 2582 RERUS
826 2509 863 2581 &
891 2508 1099 2600 Sebastianus
1126 2507 1580 2602 HOFMEISTERUS,
1614 2535 1769 2609 quorum

461 2611 599 2705 priores
617 2631 661 2679 ex
681 2606 793 2677 nobili
813 2601 1137 2677 Constantiensiurn
1156 2603 1310 2696 familia,
1328 2602 1505 2701 posterior
1524 2608 1769 2705 Scaphusanus

461 2723 559 2790 eran
587 2702 636 2777 Et
654 2700 732 2775 sunt
751 2703 920 2775 notabilia
938 2700 1173 2774 Hofmeistesi
1193 2706 1237 2773 A.
1254 2723 1358 2795 1520.
1381 2697 1463 2773 data
1480 2700 1524 2774 ad
1541 2703 1768 2802 Zwinglium

336 2853 338 2856 -
460 2801 588 2876 verba:
620 2807 750 2874 Amant
770 2801 822 2888 (c)
842 2816 873 2873 te
891 2804 944 2873 hic
963 2797 1218 2893 (Constantine)
1237 2804 1335 2871 multi
1351 2800 1557 2890 eruditiffimi
1573 2807 1666 2890 viri,
1691 2807 1766 2896 qui·
1896 2800 1899 2807 “

458 2903 519 2975 bus
544 2899 609 2991 Te,
626 2900 713 2996 sape
732 2895 809 2972 Tou
827 2900 1020 2969 eruditionis
1037 2900 1228 2969 mentionem
1237 2896 1368 2992 faciens
1383 2899 1572 2971 conciliavi.
1611 2900 1768 2973 Hortan-

459 3016 538 3092 tnr,
568 3021 686 3095 pergas
704 3003 755 3069 uti
773 2998 902 3089 coepr'fli.
946 3000 1110 3067 Ceterum
1149 2996 1214 3067 uod
1227 2995 1274 3065 ad
1288 3020 1337 3067 me
1351 3000 1497 3089 attinet,
1512 3001 1617 3091 stmul
1632 3000 1768 3090 hortor,
1832 3082 1836 3090 ‚

459 3114 498 3169 nt
513 3121 649 3193 pergas,
668 3099 757 3167 modo
766 3094 984 3188 severitatem
1001 3096 1096 3165 illurn
1134 3117 1212 3165 nam
1224 3099 1260 3165 r'n
1270 3093 1449 3191 Religiosos
1459 3116 1580 3189 parum
1589 3092 1770 3193 rescindas,
1836 3095 1838 3101 ’

457 3198 574 3291 quibus
599 3199 744 3289 iniquior
770 3193 918 3280 videris,
952 3214 1137 3286 quanquam
1163 3216 1231 3265 meo
1247 3192 1375 3286 juricio
1402 3217 1464 3264 non
1482 3198 1553 3288 fis,
1586 3218 1684 3291 qnam
1703 3194 1768 3283 ista

457 3293 568 3384 nostru
587 3292 698 3384 fecula
720 3293 911 3384 patiuntur.
956 3292 1050 3375 Scio,
1076 3287 1168 3382 scio,
1193 3293 1240 3360 mi
1257 3291 1440 3376 Huidrice,
1466 3314 1572 3361 omnes
1591 3288 1769 3382 (religiosos

449 3385 594 3477 scilicet)
623 3393 645 3458 ὰ
668 3388 724 3476 suo
749 3388 899 3477 instituto
920 3387 1010 3481 longe
1026 3386 1195 3476 decidrffe,
1221 3386 1367 3455 bumana
1385 3386 1443 3477 effe
1454 3387 1638 3477 figmenta,
1663 3407 1768 3454 ornnes

458 3482 680 3574 religiosorum
706 3488 917 3572 cerimonias,
951 3482 1162 3578 injustrffimis
1182 3486 1285 3572 confit
1302 3485 1324 3551 ὰ
1344 3483 1505 3558 Romanis
1523 3478 1767 3572 Pontificibus,

337 3607 339 3611 ·
459 3585 575 3651 auitos
593 3578 834 3675 firmaturque,
858 3596 972 3676 agente
994 3582 1174 3666 Damone,
1201 3577 1243 3656 &
1261 3577 1378 3669 nostris
1395 3576 1586 3646 criminibus
1601 3576 1767 3651 demeren-

458 3678 548 3750 tibus
559 3698 572 3744 .·
599 3675 665 3744 Sed
672 3676 794 3768 sustine
806 3700 949 3771 parurn,
965 3678 1063 3749 donec
1080 3680 1117 3746 in
1133 3677 1249 3746 meiius
1266 3671 1431 3768 rrstpiscat
1448 3674 1597 3746 mundus.
1622 3675 1765 3773 Quare,

456 3777 674 3873 quantumvis
700 3777 918 3864 veredicus,
951 3776 1126 3866 majorem,
1162 3787 1293 3860 tamen,
1327 3794 1426 3863 qnam
1449 3792 1506 3863 pro
1522 3795 1558 3844 re
1566 3772 1765 3867 severitatis

411 3934 413 3938 .
452 3873 592 3970 speciem
612 3869 783 3963 probent,
811 3874 926 3964 populo
949 3875 1027 3946 rudi
1051 3872 1179 3958 adhuc,
1211 3869 1253 3949 ὅ
1271 3867 1366 3963 secus
1383 3869 1488 3943 edotio
1504 3872 1527 3944 ὸ
1536 3868 1767 3968 superstitiosts

457 3975 526 4045 illis
543 3968 721 4063 Magistris
741 3968 898 4057 Satanae,
922 3971 981 4043 hoc
996 3969 1062 4065 est,
1088 3967 1336 4062 Aristotelian.¹
1638 3967 1765 4040 Enim·

499 4119 550 4196 (a)
574 4114 654 4201 apud
673 4108 920 4176 HOTTING.
945 4109 1016 4178 Sec.
1035 4110 1134 4177 XVI.
1158 4107 1204 4172 T.
1223 4107 1266 4171 ΙΙ.
1289 4128 1319 4192 p.
1335 4125 1407 4191 443.
1517 4113 1521 4134 ³

498 4200 550 4276 (b)
574 4222 621 4282 ap.
640 4194 794 4262 HOTT.
814 4195 912 4258 Helv.
932 4193 974 4257 K.
993 4196 1037 4261 G.
1084 4240 1091 4255 .
1109 4208 1161 4272 71.

500 4283 551 4362 (c)
575 4303 622 4368 ap.
642 4277 796 4348 HOTT.
821 4276 895 4345 Sec·
912 4274 1010 4345 XVI.
1035 4216 1143 4344 ”sp-ll.
1165 4297 1196 4361 p·
1211 4274 1288 4359 398.
