4442 5150
694 629 1397 710 *nunovnrt
1660 663 1729 742 ,μ

423 761 594 838 modum:
638 813 665 853 „
686 759 952 835 Clamaturlilc
972 786 1035 859 pei·
1053 783 1165 835 totam
1188 766 1372 839 civitatem
1394 767 1629 860 (Lucernam)
1649 773 1727 848 Lu.

422 911 451 955 „
471 861 611 933 theturn
639 860 923 931 comburendum
952 863 988 934 dt
1016 861 1320 956 Ludimagistrum
1343 867 1617 963 (Myconium),
1643 897 1727 948 cum

421 1009 450 1051 „
469 958 557 1029 nihil
584 959 775 1052 quicquam
795 957 838 1027 de
857 957 919 1026 illo
938 959 1052 1028 dicam
1072 957 1136 1028 nifi
1155 960 1250 1055 apud
1269 984 1387 1048 meos,
1415 965 1522 1058 idque
1538 966 1727 1065 rarillime,
1756 1044 1762 1053 ,

420 1105 451 1148 ,,
469 1077 584 1150 neque
600 1078 644 1124 ex
662 1076 706 1123 eo
727 1054 781 1124 vel
800 1054 941 1123 unicam
961 1053 1167 1127 sententiam
1182 1057 1411 1152 depromam,
1431 1066 1591 1156 quamvis
1604 1066 1726 1159 sciam,

422 1175 575 1247 „quare
602 1151 766 1222 Luthero
794 1172 849 1220 me
874 1149 1010 1244 semper
1036 1151 1244 1248 adjungant.
1288 1155 1386 1225 Dico
1413 1159 1448 1226 in
1468 1157 1617 1254 scholis,
1644 1187 1726 1258 quae

420 1299 448 1342 „
467 1248 545 1321 sunt
575 1247 805 1344 Evangelica.
849 1248 947 1318 Dico
974 1249 1082 1338 item,
1117 1251 1322 1344 ubicunque
1340 1275 1392 1322 res
1410 1252 1603 1347 efflagitat,
1632 1284 1726 1351 prae·

421 1396 449 1440 „
471 1365 564 1417 terea
583 1345 683 1414 nihil.
726 1343 794 1416 Sed
815 1367 896 1437 quia
915 1345 992 1415 haec
1012 1370 1094 1416 curn
1116 1347 1157 1416 iis
1176 1347 1390 1439 consonant,
1417 1373 1496 1445 qua·
1518 1353 1577 1422 rlle
1597 1355 1725 1448 haber,

419 1493 448 1536 „
468 1443 504 1513 in
523 1443 699 1536 plerisque
719 1441 808 1511 locis
828 1461 976 1534 putant,
1002 1467 1046 1512 ex
1060 1444 1221 1514 Lutlicro
1240 1443 1328 1535 csl'e,
1355 1469 1435 1536 qna
1454 1447 1532 1519 sunt
1550 1473 1592 1519 ex
1606 1451 1725 1523 Euan.

420 1539 574 1635 „gello
594 1591 621 1630 „
648 1539 832 1610 Caeterum
854 1559 984 1630 praeter
1001 1562 1081 1627 eos,
1108 1564 1197 1632 qnos
1215 1541 1311 1630 dixi,
1337 1544 1420 1635 Just.
1440 1543 1726 1620 XYLOTEC·

419 1636 527 1709 TUS
548 1637 845 1729 (Zimmermann)
866 1657 1009 1728 quoque
1028 1638 1194 1706 l’atritius
1215 1636 1447 1709 Lucernenfis
1466 1641 1503 1712 ὅ(
1519 1643 1725 1718 Canonrcus

421 1731 656 1804 Lucetnenfis
685 1733 720 1802 ὃ(
751 1729 978 1818 Beronensrs,
1014 1731 1083 1803 Vir
1108 1734 1200 1824 apud
1219 1732 1296 1804 suos
1317 1735 1620 1830 honoratissimus,
1647 1745 1725 1814 Re·

420 1828 584 1901 formatoe
608 1829 788 1922 religionis
807 1848 879 1897 erut
897 1826 1039 1917 assecla,
1067 1830 1103 1901 81.
1126 1828 1308 1923 fingulatis
1325 1856 1408 1902 curu
1430 1834 1619 1928 Myconii,
1646 1859 1723 1913 turn

422 1927 598 2022 Ztvinglii
632 1928 767 1996 amicus
795 1924 875 2015 (a),
918 1948 1021 2018 quem
1058 1929 1198 2022 ingrata
1233 1951 1381 2018 tamen,
1426 1951 1532 2023 atque
1560 1935 1724 2027 supersti-

423 2025 513 2095 tioni
549 2026 652 2094 nimis
687 2022 846 2092 immersa
873 2021 1069 2114 deinceps,
1114 2043 1262 2118 propter
1289 2028 1632 2123 religirrnem'ejecit
1658 2034 1726 2104 Pa·

422 2122 510 2210 tria,
539 2142 577 2192 ut
598 2123 632 2189 in
653 2121 762 2189 exilio
782 2119 874 2212 apud
895 2119 1101 2190 ssulileenl'es
1122 2126 1166 2190 A.
1184 2134 1285 2212 1526.
1312 2127 1409 2217 pelle
1427 2148 1612 2219 correptus
1631 2129 1726 2200 diem

420 2216 621 2311 supremum
651 2217 792 2288 obierit.
840 2215 922 2284 Erat
942 2216 1108 2308 deinceps
1127 2221 1269 2310 Jodocur
1289 2219 1519 2292 Lucernanus
1539 2221 1665 2293 Praeco
1687 2227 1725 2301 δι

422 2314 648 2404 Canonicus,
675 2312 1096 2386 KlLCHMElERUS
1122 2316 1286 2400 nomine,
1322 2319 1384 2408 qui
1403 2319 1586 2410 pro-causa
1606 2320 1726 2392 Evan-

421 2413 527 2507 gelii,
548 2411 746 2507 patrocinio
761 2407 956 2505 pracsertim
965 2411 1130 2506 conjugii
1143 2411 1393 2503 Clericorutn,
1410 2431 1608 2487 extremum
1620 2419 1727 2491 subiit

420 2507 619 2583 discrimen.
639 2508 693 2596 (b)
1429 2512 1436 2547 ·'
1587 2513 1591 2521 '

472 2601 671 2676 Enimvero
697 2603 741 2674 de
767 2604 928 2675 Oswaldo
957 2602 1250 2693 MYCONlO,
1283 2624 1325 2676 ut
1344 2606 1465 2699 paucis
1484 2607 1599 2682 verbis
1618 2609 1726 2705 dispi-

423 2702 557 2774 ciamus
583 2699 715 2772 necelse
741 2699 813 2791 est,
847 2699 944 2794 quod
961 2702 1036 2795 ejus
1055 2701 1091 2771 in
1109 2697 1420 2773 Reformationem
1441 2702 1669 2777 Helveticam
1689 2709 1727 2777 in

422 2800 596 2895 primariis
614 2796 760 2869 urbibus
780 2795 960 2892 signnm,
980 2800 1155 2890 Bafileenfi
1175 2798 1416 2890 &Lucernenſs
1434 2801 1562 2871 merita
1579 2801 1738 2872 fuerunt¹

420 2897 580 2989 eximia,
616 2916 722 2991 atque
749 2913 790 2964 ut
818 2892 966 2964 minime
991 2893 1248 2984 obliterentut,
1282 2891 1491 2990 dignissima.
1533 2898 1726 2992 Proprium

421 2997 497 3089 ejus
522 3018 651 3067 nomen
677 3011 751 3066 erat
778 2992 922 3063 Orwald
939 2991 1152 3084 Geishertser,
1178 2990 1234 3063 scd
1262 2991 1361 3089 quod
1378 2992 1541 3066 Erasmus
1559 3018 1625 3089 pro
1644 2997 1725 3066 illo·

420 3116 497 3164 rum
517 3113 719 3187 temporum
739 3112 838 3159 more
856 3090 890 3158 in
909 3087 997 3159 illud
1014 3092 1165 3181 Myconii
1181 3091 1432 3162 transmutavit
1442 3122 1455 3177 ς
1482 3091 1611 3164 Virum
1630 3094 1726 3168 hunc

420 3192 619 3264 eruditione
645 3212 717 3259 non
745 3184 885 3281 vulgari
911 3186 948 3257 ὅ(
973 3187 1045 3258 acri
1069 3187 1235 3280 judicio,
1270 3186 1437 3259 Lucerna
1461 3190 1658 3286 protulerat
1678 3192 1726 3264 A.

426 3285 530 3376 1488.
557 3288 594 3359 &
613 3286 746 3358 Basilea
762 3281 996 3374 formaverat,
1022 3281 1085 3367 ubi
1105 3284 1167 3357 sub
1185 3281 1342 3357 umbone
1360 3284 1496 3357 Erasmi
1511 3288 1547 3358 ὅ(
1564 3288 1615 3357 H.
1634 3285 1724 3359 Lot.

423 3381 612 3472 Glareani,
641 3380 760 3453 studiis
779 3402 922 3476 operam
942 3379 1097 3451 dederat.
1135 3380 1309 3476 Tigurini
1327 3377 1415 3451 vero
1433 3380 1584 3451 eundem
1605 3376 1723 3471 ptimo

423 3496 487 3570 per
514 3477 693 3571 integrum
721 3478 911 3550 triennium
938 3476 1024 3548 ludo
1042 3473 1104 3547 suo
1122 3475 1279 3546 literario
1298 3474 1554 3570 praefccerant,
1579 3477 1727 3571 ejusque

422 3569 573 3643 consilio
589 3573 867 3668 &aurianam
884 3573 981 3671 quod
999 3571 1203 3667 Zwioglius
1220 3573 1265 3643 A.
1281 3568 1384 3676 ¹1¹⁸·
1410 3571 1593 3667 Tigurum
1614 3595 1725 3647 voca·

1667 3689 1727 3745 tu!

464 3853 513 3931 (a)
537 3846 602 3911 vid.
621 3844 866 3916 HOTTING.
888 3851 936 3916 H.
953 3848 992 3914 E.
1016 3846 1089 3913 Sec.
1107 3846 1207 3913 XVl.
1231 3844 1268 3908 P.
1288 3846 1330 3910 ΙΙ.
1354 3866 1384 3928 p.
1404 3840 1476 3929 33¹0.
1516 3846 1624 3928 Hujus
1642 3870 1725 3934 qno·

421 3956 485 4017 que
510 3932 705 3999 mentionem
720 3930 793 3997 facit
808 3933 861 4012 Jo.
879 3934 1033 3998 Clitianus
1052 3933 1114 3996 sive
1130 3928 1270 3994 Collinas
1288 3931 1319 3992 in
1337 3931 1407 3994 vita
1423 3932 1485 3996 sue
1501 3932 1725 4015 descriptione,

422 4020 493 4162 yrudM
497 4010 767 4164 1{llnsrsyyylmTrgur
790 4014 836 4079 T.
855 4018 881 4080 l.
905 4036 983 4101 p.4
1006 4035 1148 4098 eumque
1163 4015 1296 4097 appellat
1308 4018 1419 4136 parriae
1428 4015 1550 4109 suf&
1568 4017 1725 4148 relr'giops's

465 4187 516 4264 (b)
541 4187 576 4250 ld
594 4185 682 4267 quod
700 4203 737 4247 er
754 4181 821 4261 ejus
838 4143 991 4249 adZwln
1017 4187 1038 4246 l.
1055 4182 1183 4263 epistola
1199 4182 1374 4269 patetnpud
1390 4180 1637 4280 HOTTING.
1656 4185 1684 4245 1:
1696 4204 1731 4248 c.

423 4288 453 4350 p,
471 4283 541 4349 352.
573 4269 660 4335 conf.
677 4266 795 4333 Intrtd.
812 4265 902 4347 nostr.
927 4266 957 4347 ᾗ.
1009 4265 1106 4333 Xlll.
1130 4281 1256 4349 171270.
1286 4293 1291 4306 ·
1322 4289 1332 4326 a
1360 4267 1392 4325 .l
1676 4293 1685 4335 y
