4442 5150
456 573 624 738 misto.
791 628 1436 712 RENOVATI.
1512 646 1577 663 “·
1699 642 1770 738 '401

455 788 611 941 praeque
639 760 738 860 quod
764 760 985 834 illuminatos
1012 761 1224 859 cumprimis
1250 762 1289 835 in
1305 764 1456 839 veritate
1475 761 1641 841 habuerit
1658 765 1772 844 sensus
1856 756 1872 772 ”

498 865 695 938 esormaror
720 859 859 951 noster,
894 859 994 931 nullo
1021 856 1127 953 pasto
1145 879 1295 956 propter
1313 859 1393 932 haec
1410 861 1515 936 illave
1533 866 1650 940 minus
1667 890 1771 940 com·
1874 902 1877 910 ·
1895 928 1897 932 Α

435 962 567 1038 'mode
593 958 710 1051 dista,
744 976 805 1030 aut
830 977 980 1054 propter
1006 956 1193 1028 sententias
1219 956 1385 1053 quasdam
1405 957 1529 1032 ivero
1547 960 1772 1056 aberrantes,

457 1061 547 1134 adeo
576 1057 778 1156 procaciter
793 1053 1062 1145 traducendus,
1096 1055 1292 1141 evincuntr
1318 1055 1414 1128 inter
1430 1079 1512 1152 quae
1531 1059 1663 1133 emicat
1680 1060 1774 1135 illud

458 1157 557 1256 quod
584 1157 627 1228 de
645 1153 735 1227 Fide
753 1153 781 1224 is
800 1149 937 1248 profert
957 1152 1007 1245 (a)
1035 1151 1131 1221 hunc
1150 1153 1187 1222 in
1204 1152 1367 1226 modurn.
1408 1205 1437 1246 „
1455 1153 1583 1252 Qrurn
1601 1179 1690 1255 ergo
1708 1159 1738 1230 F
1740 1159 1773 1230 i·

458 1256 565 1351 „des
590 1278 631 1325 ea
656 1253 719 1325 lux
746 1248 784 1323 &
810 1249 976 1323 securitas
1001 1248 1110 1320 animi
1137 1247 1202 1338 fit,
1228 1272 1298 1345 qua
1314 1247 1381 1321 scit
1397 1250 1431 1325 se
1448 1250 1640 1347 agnoscere
1657 1279 1772 1330 unum

457 1353 606 1448 „illum
634 1374 675 1422 ac
704 1370 827 1421 verum
856 1347 1002 1435 Deum,
1034 1367 1147 1417 unum
1174 1345 1277 1419 illum
1303 1346 1448 1421 salutern
1474 1348 1568 1432 suam
1595 1352 1773 1448 &copiae

459 1501 487 1547 „
505 1471 619 1524 cornu
644 1444 712 1519 esse
722 1477 735 1533 3
771 1444 936 1516 Eundem
956 1465 1102 1538 quoque
1118 1462 1194 1515 tarn
1211 1444 1360 1518 divitem
1377 1445 1467 1538 esse,
1492 1466 1535 1520 ut
1553 1449 1673 1522 onmia
1690 1449 1772 1544 pos·

458 1600 487 1644 ‚‚
507 1547 606 1620 fit&
626 1543 775 1628 habeam
803 1540 967 1627 Deinde,
994 1557 1067 1610 tam
1085 1539 1282 1637 benignum
1302 1565 1343 1614 ac
1359 1542 1565 1637 liberalem,
1589 1564 1633 1619 ut
1649 1548 1775 1622 volent

458 1656 488 1738 ‚‚'
506 1644 566 1716 det
585 1643 622 1715 &
641 1640 723 1713 dare
741 1637 905 1736 gaudeat.
941 1637 985 1707 Io
1002 1635 1073 1706 hoc
1091 1637 1187 1708 enirn
1206 1638 1354 1711 tradidit
1371 1639 1506 1712 Filium
1525 1644 1626 1715 suum
1645 1644 1773 1738 nobis,

458 1760 546 1836 „ut
572 1762 683 1834 opum
699 1736 797 1810 illius
813 1735 979 1808 fieremus
998 1731 1203 1829 participes.
1247 1735 1344 1808 Cum
1363 1736 1507 1834 inquam
1527 1739 1632 1824 Fides
1647 1765 1691 1816 ea
1707 1741 1775 1816 lux

459 1889 486 1932 „
506 1841 543 1913 &
571 1833 685 1932 pastus
712 1834 819 1906 animi
849 1830 918 1923 fit,
955 1826 1105 1902 confieri
1133 1831 1229 1903 aliud
1257 1857 1329 1905 non
1355 1835 1502 1928 potest,
1536 1859 1643 1933 quarn
1663 1837 1776 1914 fidem

456 1986 485 2029 ‚,
498 1933 619 2031 justo,
653 1933 723 2005 hoc
748 1929 821 2021 est,
856 1929 901 2002 ad
920 1928 1017 1999 hunc
1035 1925 1187 1999 modum
1205 1927 1390 2004 fidentiae
1408 1930 1531 2005 securo
1547 1933 1592 2008 de
1609 1934 1774 2013 bonitate

458 2079 487 2128 „
505 2034 542 2107 dt
562 2030 771 2103 haereditate
799 2029 894 2119 Dei,
920 2025 1031 2098 vitam
1051 2021 1179 2098 esseae
1197 2026 1330 2122 robur,
1356 2053 1428 2125 quo
1446 2029 1480 2104 se
1497 2030 1672 2107 devotum
1691 2052 1787 2121 tues

456 2183 485 2227 ‚,
499 2151 563 2204 tur
580 2128 623 2201 ab
643 2128 743 2199 omni
759 2124 983 2198 adversrtate.
1009 2123 1062 2194 At
1077 2144 1120 2195 ea
1137 2123 1190 2196 vis
1207 2125 1347 2200 nonest
1365 2127 1408 2200 ab
1419 2127 1495 2225 ipso
1506 2129 1652 2204 homine
1714 2129 1776 2206 sed

456 2280 484 2322 „
504 2226 525 2300 ai
542 2226 618 2300 solo
637 2227 733 2296 Deo.
752 2275 780 2313 „
824 2223 888 2295 Ne
905 2221 972 2291 alia
989 2221 1064 2314 ejus
1082 2222 1223 2314 generis
1242 2248 1581 2300 commemoremus.

455 2392 458 2397 .
493 2337 536 2411 a.
556 2321 787 2395 CXXVIII.
814 2316 1158 2395 WALDENSES
1178 2316 1232 2408 (b)
1250 2320 1288 2392 in
1305 2322 1497 2393 Provincia
1509 2323 1655 2398 GaIIIca
1671 2323 1777 2424 suprt

443 2421 633 2495 'ducentos
660 2439 770 2486 annos
795 2418 983 2506 vixerant,
1019 2411 1316 2508 dPedemontio‚
1343 2417 1438 2489 unde
1453 2443 1572 2491 earum
1593 2423 1699 2532 origo
1717 2447 1776 2496 ar·

455 2513 539 2594 cessi
564 2511 695 2606 debet,
728 2510 766 2584 in
791 2510 1019 2587 Provinciam
1047 2510 1181 2583 Gallia:
1209 2517 1265 2608 (la
1290 2514 1477 2607 Provence)
1506 2515 1683 2615 profetia,
1698 2519 1776 2595 ubi

1057 2609 1166 2683 ΕΝ
1410 2689 1424 2735 .·
1636 2640 1772 2717 magno

457 2830 540 2920 qnod
559 2847 616 2893 non
639 2828 768 2908 habent,
793 2826 834 2899 δι’
851 2826 869 2888 d
877 2824 1013 2911 fimpiici
1029 2826 1063 2889 in
1080 2819 1184 2890 Unum
1201 2820 1306 2890 Deum
1315 2827 1455 2911 fiducia,
1479 2825 1686 2914 adstgnornm
1703 2830 1773 2894 vir·

454 2932 555 2982 tutem
571 2914 742 2999 magnificis
757 2911 880 2999 quidem
888 2912 947 2989 sed
955 2912 1041 2993 fillis
1059 2910 1099 2985 &³
1118 2914 1273 2975 ementitis
1285 2912 1527 2997 promiffionibus
1544 2914 1710 2977 abducunt.
1721 2958 1729 2973 .
1741 2958 1771 2977 ..

455 2998 539 3063 illud
560 2997 716 3061 hominum
734 3018 834 3082 genus
857 2995 939 3084 quod
952 2994 1096 3081 Symbrlit
1112 2996 1225 3059 tribuit
1242 3020 1296 3078 ea,
1319 3020 1385 3085 qua
1394 2997 1490 3076 solius
1506 2998 1622 3061 divina
1639 3000 1773 3061 virtutis

451 3084 546 3163 sunt,
578 3082 618 3155 ἐξ
645 3082 783 3169 Spiritui
806 3078 912 3143 Sandlr'
935 3080 1113 3142 immediate
1129 3082 1282 3167 operantis
1297 3082 1330 3143 in
1347 3082 1603 3166 animisnostris,
1626 3083 1709 3171 quod
1722 3080 1778 3146 vel

451 3166 583 3255 ‘simbolo
600 3166 653 3230 vel
669 3165 797 3228 verbum
815 3179 980 3225 externum
997 3178 1120 3225 tantum
1137 3166 1328 3229 annunciant
1346 3164 1387 3239 ἐς)
1396 3164 1586 3253 fignificant.

456 3268 457 3271 ’
499 3271 546 3349 (a)
570 3287 638 3353 pag.
658 3285 708 3347 52.
731 3267 762 3330 b.
802 3260 998 3339 Enimvero,
1030 3264 1079 3327 hic
1102 3265 1184 3329 illud
1207 3271 1339 3350 quoqu'e
1361 3264 1484 3331 diffiteri
1507 3286 1572 3332 non
1590 3263 1774 3349 possumus,

454 3353 565 3415 ”rusum
589 3372 654 3415 non
678 3351 776 3415 semel
801 3344 961 3412 committi
986 3343 1002 3407 a
1027 3344 1195 3444 Zwinglio
1220 3352 1250 3413 in
1267 3340 1429 3414 vocabulo
1445 3348 1551 3427 Fidei,
1575 3348 1664 3431 quod
1681 3349 1777 3411 imer-

460 3435 538 3496 dum
554 3437 592 3497 ab
608 3434 673 3517 ipso
691 3431 793 3497 stricte
813 3431 944 3495 sumitur
961 3448 1017 3512 pro
1035 3429 1154 3493 fiducia
1167 3431 1198 3493 in
1214 3431 1313 3495 solius
1331 3431 1444 3495 christi
1460 3433 1573 3495 merito
1589 3430 1705 3512 posita:
1729 3430 1777 3495 uti

456 3516 502 3580 tic
520 3535 552 3577 v.
570 3534 600 3597 g.
619 3518 650 3579 in
668 3517 721 3581 lib.
740 3517 778 3580 de
795 3514 916 3580 vera&
933 3512 1009 3577 salsa
1024 3512 1185 3594 religione.
1208 3559 1232 3595 ‚,
1250 3512 1351 3578 Tunc
1388 3512 1507 3579 timum
1525 3513 1648 3575 liberes
1667 3512 1684 3574 a
1700 3533 1777 3598 pec·

460 3647 481 3682 „
499 3611 588 3679 cato,
619 3617 721 3679 quum
743 3599 775 3663 se
798 3618 887 3664 mens
911 3596 1099 3663 inconcusse
1124 3596 1221 3661 credit
1236 3598 1332 3661 morti
1380 3594 1480 3677 bristi,
1504 3613 1608 3677 quom
1623 3595 1655 3660 in
1670 3615 1707 3661 ea
1722 3618 1777 3665 ac·
1899 3618 1903 3638 ·

456 3732 484 3765 „
502 3680 669 3765 quiescit„
694 3681 765 3746 alibi
781 3683 860 3747 vero
877 3681 1052 3747 extenditur
1068 3682 1106 3746 ad
1123 3682 1212 3760 iliarn
1231 3700 1362 3765 quoque
1373 3678 1548 3777 generalem
1564 3680 1598 3742 in
1614 3675 1721 3745 Deum
1729 3683 1776 3766 fi·

462 3768 583 3829 deiciam
600 3765 829 3846 denotandam,
853 3787 923 3848 quae
941 3789 982 3829 aa
996 3780 1117 3830 namra
1133 3762 1248 3827 iumine
1265 3765 1357 3828 etiam
1375 3762 1408 3827 ris
1426 3762 1524 3846 potest
1541 3762 1702 3848 obtingere
1718 3765 1776 3852 qui

460 3848 603 3935 mysteria
626 3846 731 3911 salutis
757 3846 919 3929 ignoran13
951 3849 1041 3915 Errat
1056 3865 1164 3914 autem
1181 3850 1226 3913 vir
1243 3847 1395 3928 erimine,
1419 3847 1450 3910 in
1467 3866 1525 3932 en,
1550 3849 1638 3931 quod
1654 3865 1775 3919 utram·

460 3940 504 4002 vis
523 3936 621 3999 fidem
635 3928 757 4012 judicat
773 3928 834 3993 effe
851 3933 1036 3998 salutarem!

501 4037 553 4118 (b)
579 4034 673 4098 Hanc
689 4031 856 4115 genuinam
865 4031 1089 4097 Waldenfinm
1107 4052 1145 4096 er
1163 4031 1373 4096 PedemontIo
1390 3977 1542 4115 originem
1558 4034 1679 4100 erudito
1692 4048 1774 4099 trac·

460 4135 524 4184 torn
548 4117 713 4184 illustravit
736 4114 854 4177 Petrus
877 4112 1143 4194 ALLIXIUS‚'
1163 4116 1222 4180 Vir
1239 4115 1414 4201 Summus,
1438 4116 1495 4183 sub
1511 4118 1604 4183 titulo
1620 4117 1773 4180 Animad-

461 4202 632 4278 arrfionnm
656 4198 849 4290 quarundam
871 4197 913 4259 aa
934 4199 1103 4280 Historiam
1121 4198 1381 4283 Ecclestasticam,
1404 4204 1604 4288 antiquarum
1619 4198 1772 4281 Ecclefia·

461 4307 532 4352 run
548 4285 762 4369 Pedemonn'i,
787 4282 893 4369 lingua
910 4280 1087 4368 Anglicaua
1103 4284 1258 4354 editarum
1273 4282 1415 4361 Loudin.
1433 4287 1526 4370 1690.
1544 4302 1574 4365 5.

558 4565 574 4624 t
