4442 5150
461 652 629 748 A.r526.
792 644 834 720 R
882 642 915 717 E
965 641 1008 718 N
1056 643 1094 717 Ο
1143 641 1182 717 V
1214 641 1264 750 ,Α
1313 642 1351 718 Τ
1400 647 1433 719 Ia
1700 672 1764 749 333

461 780 535 856 stro
561 782 599 856 S.
618 777 824 853 Catharinae
850 774 1009 848 foeminis
1034 774 1184 847 dabatur
1207 775 1331 848 Pastor
1347 780 1420 870 (a),
1454 801 1537 850 curn
1555 781 1639 873 Joh.
1659 783 1765 857 Rhei-

459 903 558 953 nerus
585 877 655 950 illis
681 899 762 970 quae
790 877 825 945 in
854 875 891 946 S.
918 873 1098 944 Leonardi
1127 892 1310 945 conventu
1330 874 1533 948 habitabant
1551 879 1764 973 adjungere·

460 993 543 1064 tura
571 976 695 1069 Atque
714 973 784 1044 fuit
803 972 830 1041 is
848 967 975 1042 abinde
992 993 1056 1063 per
1073 969 1207 1059 multos
1223 992 1330 1041 annos
1348 970 1386 1044 in
1399 975 1511 1065 patria
1523 973 1768 1069 Ecclesiastes,

460 1074 523 1169 qui
548 1069 713 1144 doetrina
738 1093 780 1139 ac
806 1067 974 1162 exemplo
1000 1066 1066 1138 suis
1086 1067 1230 1160 praeiret
1249 1066 1327 1157 (b),
1354 1070 1496 1162 quando
1516 1071 1601 1140 vitae
1619 1071 1764 1145 demum

460 1170 498 1242 δι
524 1191 697 1240 annorum
725 1165 819 1237 satur
847 1165 1016 1256 A.155t.
1048 1161 1084 1234 d.
1106 1183 1163 1258 25.
1183 1162 1338 1259 Augusti
1364 1163 1566 1259 supremum
1584 1166 1639 1261 (c)
1667 1169 1764 1265 apud
1890 1241 1893 1245 ,

458 1262 732 1340 San-Gallenses
751 1260 843 1334 obiit
861 1260 978 1343 diem,

468 1416 471 1425 .
507 1367 540 1449 §-
559 1361 712 1433 CXIil.
740 1357 809 1430 Sed
837 1377 878 1428 ut
895 1357 989 1426 unde
1007 1351 1147 1449 digressi
1164 1378 1322 1447 eramus,
1350 1355 1554 1444 redeamus,
1583 1358 1683 1431 Dum
1703 1359 1765 1433 illa

458 1476 634 1556 geruntur
658 1458 694 1527 in
722 1456 885 1526 Ciuitate
911 1450 1187 1543 San-Gallenfi,
1229 1452 1388 1525 Pastores
1415 1456 1450 1526 in
1477 1458 1643 1552 quandam
1667 1459 1766 1530 coire

458 1556 653 1646 synodum,
693 1549 871 1623 accerfitis
905 1550 992 1619 illuc
1030 1547 1326 1622 Abbatiscellanis
1361 1558 1505 1648 quoque
1533 1551 1766 1648 Pastoribus,

459 1653 619 1747 itemque
646 1650 709 1740 iis,
736 1651 797 1744 qui
817 1648 853 1717 in
873 1644 1028 1716 Abbatia
1047 1643 1284 1740 San-gallenfi
1302 1647 1450 1743 &apud
1469 1648 1641 1745 Regusrae
1661 1651 1762 1726 inco·

459 1747 510 1819 las
534 1747 771 1842 Evangelium
791 1740 1073 1839 profitebantur:
1102 1742 1154 1812 Hi
1175 1741 1314 1815 collatis
1333 1745 1371 1815 in
1386 1767 1496 1816 unum
1515 1744 1694 1838 confidis,
1718 1747 1764 1823 de

461 1842 852 1916 Excommunicatione
871 1837 1032 1910 adversus
1051 1857 1258 1933 peccatores
1276 1842 1414 1912 enormi
1431 1841 1592 1914 scandalo
1610 1844 1643 1915 se
1661 1846 1762 1917 coin·

486 1939 644 2014 uinuntes
671 1940 728 2012 tel
756 1937 1028 2034 impoenitentes
1054 1937 1217 2029 quaedatn
1238 1960 1359 2029 prore
1377 1937 1458 2009 nata
1475 1939 1663 2016 decernere
1682 1942 1766 2032 (dt,
1841 2009 1844 2013 ,

457 1961 563 2110 Amul
590 2033 677 2112 verb
704 2038 871 2110 Canones
897 2033 941 2105 de
968 2032 1201 2104 convocanda
1224 2030 1464 2129 infuturum,
1489 2035 1551 2109 ubi
1569 2059 1661 2133 opus
1679 2035 1765 2112 effer

459 2134 609 2231 Synodo
626 2134 802 2208 condere:

462 2256 476 2296 .·
505 2231 566 2305 Ab
589 2233 698 2305 altera
723 2254 811 2303 vero
838 2245 938 2326 parte
965 2224 1026 2322 qui
1054 2224 1256 2322 Evangelio
1282 2225 1397 2299 infesti
1416 2250 1538 2320 erant,
1564 2229 1665 2307 nullo
1684 2255 1763 2302 mo-

457 2325 506 2402 do
533 2328 660 2403 ceffare
687 2352 760 2424 quo
785 2330 861 2424 ejus
888 2319 1086 2419 progreffui
1114 2343 1289 2416 ponerent
1313 2324 1477 2397 obicem:
1514 2327 1635 2419 Quem
1663 2328 1698 2399 in
1718 2327 1764 2399 fi·
1848 2352 1851 2360 ·

457 2446 540 2497 nem
566 2423 699 2519 septem
728 2425 814 2518 Pagi
842 2425 1017 2508 Lucerna,
1047 2421 1201 2508 Urania,
1228 2422 1397 2509 Suitium,
1425 2424 1669 2517 Subsylvant'a,
1696 2421 1765 2496 Tu·

351 2554 361 2560 ·
452 2526 569 2617 gium,
602 2521 801 2615 Friburgum
826 2518 863 2593 ὅ(
892 2519 1107 2608 Salodurum,
1133 2513 1276 2587 arctiori
1301 2516 1334 2589 se
1353 2518 1497 2615 alligate
1516 2521 1684 2613 vinculo,
1710 2541 1764 2595 at·

363 2653 369 2662 ·
484 2638 528 2688 ue
551 2616 660 2691 etiam
687 2616 730 2691 ad
750 2615 984 2691 Glaronenses
1002 2634 1079 2686 turn
1099 2613 1248 2685 comitia
1264 2614 1504 2709 celebrantes,
1530 2642 1655 2691 eorum
1675 2642 1764 2692 con·

456 2638 688 2787 pociationem
731 2715 933 2807 expetitum
977 2713 1150 2802 mittere,
1192 2733 1265 2783 non
1308 2709 1379 2784 srne
1419 2711 1608 2807 succeffu,
1651 2739 1764 2811 quan·

456 2827 563 2907 quarn
591 2835 674 2884 cum
702 2811 727 2881 ii
754 2810 796 2882 ad
824 2808 1131 2882 Abbatiscellanos
1159 2830 1302 2905 quoque
1326 2833 1402 2882 eam
1430 2812 1471 2881 in
1492 2834 1567 2883 rem
1590 2811 1764 2883 nuncium

455 2908 664 3001 mitterent,
700 2909 828 2979 horum
856 2927 973 2980 tamen
990 2902 1158 2978 offensum
1178 2907 1368 3001 impetrare
1385 2909 1630 3005 nequiverint-2
1667 2909 1770 3004 Mira

454 3001 542 3079 verb
567 3004 790 3080 eratubivis
816 3006 853 3078 in
880 3005 968 3080 urbe
995 3006 1031 3080 ὃ(
1050 3026 1144 3173 algeo
1156 3003 1342 3103 Tigurino
1359 3005 1399 3081 in
1414 3005 1654 3107 Evangelium
1674 3031 1763 3177 eson·
1797 3052 1799 3055 >

403 3149 405 3153 ι
459 3147 469 3156 -·
752 3137 755 3145 ·
1104 3122 1119 3176 t
1700 3130 1763 3177 en·

445 3274 447 3278 ,
493 3207 543 3289 (a)
568 3204 821 3274 HOTTING.
846 3202 947 3269 Heiv.
972 3205 1014 3270 K.
1034 3202 1079 3269 G.
1102 3122 1225 3289 p3338.
1763 3221 1765 3225 ·

493 3292 547 3370 (b)
571 3312 603 3355 v.
622 3288 790 3356 CRUSH
809 3288 973 3353 Suevicor.
993 3288 1170 3351 Annalium
1187 3290 1442 3374 Paraleipomena
1457 3289 1578 3357 folda„

464 3441 467 3446 ,
494 3374 547 3451 (e)
571 3375 634 3439 vid.
653 3368 966 3438 SCHELHORN.
991 3369 1072 3434 ffist.
1096 3367 1243 3435 Reform.
1267 3373 1464 3455 Memming.
1481 3388 1612 3457 pag.93.
1639 3369 1695 3453 qui
1711 3373 1762 3435 Iu-

454 3454 610 3519 culentius
636 3457 674 3520 tbi
699 3456 831 3534 edocet,
859 3473 957 3537 quarn
974 3467 1039 3517 tota
1055 3449 1320 3537 Memmingenfis
1337 3450 1479 3519 Ecclefia
1494 3472 1558 3517 non
1575 3454 1614 3516 ad
1631 3452 1764 3521 Lutberi

454 3533 484 3597 dt
502 3532 569 3621 ejus
585 3538 770 3603 affeclarum
788 3539 839 3603 sed
854 3537 894 3601 ad
911 3536 989 3601 Zwi
1035 3534 1067 3599 iii
1082 3532 1118 3597 ἀ
1131 3534 1357 3601 Helvetiorum
1372 3551 1487 3600 nutum
1504 3535 1597 3598 fuerit
1611 3535 1764 3602 reforma-

450 3619 813 3769 ἧξῑὲκὶώαξζψνψ
828 3622 989 3769 nestrum,
1026 3620 1210 3779 {mmm}
1218 3616 1418 3767 Scbsselkjuirpr,
1439 3618 1487 3763 Ξῖ
1512 3617 1657 3767 uert'lppnp,
1683 3619 1760 3770 {Oh

454 3802 568 3850 omnes
593 3727 850 3881 Z’winegoligniidi
886 3726 1023 3865 iffi&
1050 3724 1440 3870 Quantiiriinmtameiive'i
1456 3787 1497 3849 ita
1513 3724 1631 3851 Civiians
1643 3726 1764 3855 lffieensr1

451 3868 618 3953 mingenfis
644 3884 736 3931 etiarn
756 3870 918 3956 intereas,
941 3892 1013 3953 qua
1029 3868 1245 3936 Prorestarioni
1260 3891 1297 3934 ae
1314 3868 1527 3953 Appellationi
1542 3861 1689 3939 adversus
1707 3877 1762 3940 de·

451 3967 577 4019 cretum
602 3950 743 4036 Spirense
768 3952 812 4016 A.
832 3973 923 4034 1529.
958 3956 987 4018 dt
1012 3970 1087 4018 vota
1101 3954 1257 4018 addixerat
1274 3954 1304 4019 dt
1321 3972 1439 4017 nornen
1457 3954 1646 4035 fignatterat,
1670 3958 1764 4023 fuerit

451 4035 620 4116 tecenfira,
651 4034 737 4100 conf.
762 4033 1074 4102 SCHELHORN.
1090 4039 1142 4100 lib.
1160 4037 1212 4099 cit.
1250 4056 1298 4119 ag.
1311 4055 1381 4118 154·
1405 4057 1442 4103 ex
1461 4035 1698 4105 SECKEND.
1717 4040 1762 4106 H.

452 4117 552 4185 Lutb.
578 4118 620 4185 L.
640 4120 682 4185 Η.
708 4117 738 4199 §-
754 4116 886 4185 XLIV.
905 4120 964 4183 fol.
977 4118 1046 4183 128.
1071 4116 1223 4184 &·SLE1
1263 4119 1371 4186 ANO
1389 4120 1535 4189 Libvl.
1553 4124 1611 4187 fol.
1625 4141 1695 4187 102.
1712 4146 1740 4189 a.

455 4204 548 4352 dd)
573 4199 822 4271 HOTTiNG.
845 4202 947 4268 Heu.
969 4203 1012 4268 K.
1032 4203 1076 4272 G.
1099 4223 1130 4288 p.
1149 4200 1220 4290 338.
1249 4204 1338 4272 conf.
1354 4206 1446 4293 Qua
1472 4207 1502 4290 p.
1520 4206 1617 4275 CXI.
1641 4210 1769 4293 mad.
