4442 5150
453 638 575 752 '242
696 587 1583 728 nrsrontnuvauetnrr
1678 717 1683 726 .

503 782 729 884 „quinimo
749 782 863 880 petit,
889 778 1057 872 fratrem,
1073 777 1141 881 ¹vel
1160 779 1204 852 ab
1223 779 1299 876 ipso
1318 781 1506 880 Zwinglio
1525 780 1588 857 sub
1607 779 1742 857 redum
1760 807 1816 859 te·

503 877 1700 1070 nraranturaaatrinumeri
1717 879 1819 1054 ur

503 1078 533 1152 ia
559 1077 747 1172 Zwingiio
772 1073 871 1146 addit
896 1064 1077 1162 animum,
1110 1093 1217 1168 atque
1242 1074 1407 1146 hortatur
1431 1003 1766 1169 adeonstinrianif
1776 1095 1820 1152 ut

502 1174 613 1250 teiam
639 1172 795 1246 feliciter
816 1191 978 1267 coeptam
999 1187 1187 1266 pertexat,
1214 1167 1389 1268 fimuique
1408 1171 1566 1265 indicat,
1592 1225 1619 1265 „
1637 1197 1708 1246 non
1728 1197 1817 1270 pau·

502 1323 532 1369 „
551 1295 615 1346 coa
640 1269 709 1343 effe
735 1292 779 1341 ert
799 1267 1065 1366 Tugiensrbus,
1094 1267 1340 1360 Suitenfibus,
1368 1267 1535 1360 Uraniis,
1560 1271 1621 1365 qui
1668 1274 1817 1344 raedica·

503 1371 684 1468 „tionem
706 1366 895 1462 Evangelii
914 1363 1017 1463 avidi
1035 1362 1249 1462 expedient,
1267 1365 1379 1439 modo
1397 1365 1537 1440 tandem
1556 1369 1594 1438 in
1611 1295 1816 1443 libertatem

504 1518 532 1562 „
550 1465 780 1540 conscientiae
799 1462 1001 1536 afferantur.
1020 1514 1046 1555 „

506 1610 510 1621 ·
552 1564 624 1638 Sed
652 1566 688 1635 in
715 1558 949 1656 antiquiffima
975 1557 1342 1634 SWITENSIUM
1367 1560 1552 1655 republica
1569 1563 1644 1659 jam
1661 1583 1740 1637 tum
1760 1587 1815 1635 re·

502 1681 625 1760 pertua
653 1659 776 1752 fuisse,
810 1658 871 1755 qui
900 1656 1036 1753 puriori
1063 1656 1265 1754 Evangelio
1290 1661 1437 1753 ejusque
1459 1659 1710 1755 praedicationi
1728 1681 1816 1733 vota

501 1759 563 1834 fua
588 1758 818 1844 addixerant,
879 1775 953 1828 atet
976 1777 1022 1827 ex
1052 1752 1243 1848 finguiari,
1277 1778 1351 1852 quo
1377 1754 1604 1854 Zwingiium
1624 1757 1818 1832 Switensea

503 1854 810 1953 prosequebantur
838 1780 960 1924 Pirene
977 1850 1056 1944 (b),
1091 1851 1234 1948 quando
1253 1852 1281 1924 is
1299 1853 1421 1926 reiista
1438 1856 1561 1926 Eremo
1580 1854 1817 1948 (Eiusredlen)

503 1977 587 2052 quae
606 1954 840 2034 Helvetiorum
859 1949 930 2021 srve
950 1952 1163 2042 Switenfium
1179 1948 1252 2041 est,
1271 1951 1457 2047 Tigurum
1476 1952 1653 2048 migrabat
1671 1955 1747 2045 (c),
1765 1953 1817 2024 ei·

504 2073 574 2148 que
600 2046 842 2121 honorificum
869 2047 1061 2119 admodum
1081 2045 1293 2141 praebebant
1310 2047 1555 2120 testimonium
1576 2047 1644 2142 (d).
1689 2049 1818 2123 Sed&

502 2147 706 2242 Baithasarr'
733 2144 886 2240 Stapferi
912 2144 1238 2238 Archigrammatei
1266 2142 1437 2224 Suitensrs
1464 2142 1628 2240 Epistola
1649 2145 1818 2241 Amr-ez.

499 2247 549 2320 ud
565 2241 805 2342 ,Zwingiium
833 2242 941 2336 data,
983 2240 1089 2312 studii
1117 2241 1297 2314 variorum
1324 2241 1419 2339 apud
1446 2239 1636 2318 Switensea
1664 2241 1715 2336 (e)
1751 2267 1821 2339 pro

503 2341 708 2441 Evangelio
746 2339 929 2437 singularia
955 2339 1175 2411 documenta
1199 2335 1431 2436 suppeditat,
1475 2337 1604 2413 Veluti
1630 2340 1822 2434 Baltbasar

503 2441 699 2537 Trachselus
716 2437 839 2513 Pastor
856 2435 1017 2510 Arteusrs
1036 2438 1073 2508 in
1091 2435 1168 2531 ipio
1183 2434 1352 2510 Switensr
1370 2435 1485 2511 tradiu
1501 2437 1546 2510 ad
1565 2436 1680 2534 ipsum
1689 2436 1820 2512 Zwin·

504 2539 621 2639 giium
649 2539 696 2633 A.
715 2559 820 2633 1520.
852 2537 978 2628 venit,
1007 2553 1058 2631 ut
1074 2557 1158 2607 cum
1177 2531 1254 2632 ipso
1271 2533 1316 2608 de
1330 2535 1534 2635 Religione
1552 2533 1755 2629 conferret,
1781 2535 1821 2612 dt

504 2638 612 2713 variis
638 2659 719 2711 eum
748 2636 915 2732 deinceps
939 2634 1051 2708 literis
1075 2633 1187 2725 adiit,
1210 2655 1440 2734 pronumque
1455 2634 1557 2710 suum
1575 2637 1612 2708 in
1631 2633 1822 2732 Evangelii

503 2733 799 2835 praedicationem
832 2755 958 2828 puram
985 2733 1144 2804 animum
1169 2754 1242 2804 uon
1268 2754 1343 2805 uno
1369 2732 1482 2807 modo
1508 2732 1561 2807 est
1585 2730 1820 2807 testificatus:

504 2832 724 2932 Quanquam
759 2851 879 2903 tamen
913 2830 1019 2928 hujus
1046 2826 1186 2925 ipius,
1227 2830 1291 2928 qui
1317 2829 1412 2904 inter
1436 2829 1630 2906 Helvetios
1657 2830 1825 2904 Clericos
1934 2853 1938 2860 ¹

505 2932 669 3012 omnium
698 2929 835 3025 primus
861 2926 954 3019 fuit,
989 2927 1051 3024 qui
1077 2923 1246 3024 pertaesus
1271 2927 1358 3001 vitae
1386 2926 1531 3003 coelibis
1553 2949 1703 3002 uxorem
1721 2926 1821 2997 domi

505 3027 638 3118 duxit,
664 3023 957 3119 matrimonium,
983 3041 1061 3097 tum
1078 3024 1253 3121 temporis
1270 3025 1316 3098 A.
1331 3047 1435 3122 1521.
1460 3026 1579 3099 adbuc
1598 3019 1821 3117 intempesti-

504 3143 620 3217 vum,
641 3121 784 3196 obicem
803 3121 971 3221 deinceps
989 3120 1108 3218 posuit
1127 3123 1163 3194 iu
1180 3122 1234 3195 his
1250 3121 1482 3196 Switenfium
1499 3123 1571 3195 oria
1590 3118 1642 3213 (f)
1668 3120 1822 3215 negotio

504 3217 816 3300 Reformationia:
850 3218 978 3295 Veluti
994 3220 1097 3295 brevi
1115 3218 1197 3318 post
1214 3218 1385 3318 francisce·
1403 3220 1541 3295 Zinckr'r'
1559 3216 1617 3315 (g)
1645 3214 1822 3386 Sacelilani

1754 3336 1820 3386 on·

525 3451 602 3552 n)
623 3468 709 3537 conf.
733 3466 775 3533 ta.
797 3460 1048 3532 normate.
1073 3466 1096 3528 ι.
1113 3482 1144 3531 c.

478 3565 488 3584 ·
547 3554 602 3717 gb)
625 3553 690 3617 rid.
716 3545 965 3616 HOTTlNG.
991 3550 1013 3611 l.
1031 3568 1060 3611 e.
1084 3544 1200 3697 pff,
1219 3564 1291 3631 359.

567 3658 584 3702 c
625 3636 694 3707 vid,
713 3632 833 3698 Introd.
856 3632 946 3713 nostr.
971 3630 1001 3713 d.
1018 3628 1104 3697 XLI
1176 3653 1207 3717 p.
1221 3649 1290 3711 104.
1315 3630 1345 3693 dr
1361 3627 1446 3727 .¹⁰⁶·.
1621 3711 1629 3725 .

531 3720 605 3801 (d)
630 3717 683 3862 Shic
707 3715 846 3863 enimHS.
864 3713 901 3813 P
920 3715 966 3799 Q.
991 3714 1208 3862 Suiaenfiffl
1225 3710 1384 3810 Zwr'nglra
1399 3711 1565 3861 Trgprtulpr
1581 3712 1709 3862 abrctitgto¹
1720 3730 1822 3859 qlpleu:

467 3894 472 3902 -
505 3797 1169 3951 aarum
1185 3810 1437 3977 ,artarer
1527 3817 1656 3944 „aa
1669 3811 1719 3946 tr
1737 3818 1820 3938 Er.

498 3968 624 4048 fidles,
644 3964 763 4050 Jedocb
772 3967 806 4048 fh
822 3963 917 4031 haben
932 3970 997 4034 wir
1011 3967 1163 4053 largegen
1173 3966 1283 4045 fraud
1295 3983 1356 4029 mat
1371 3962 1466 4048 euch,
1488 3966 1523 4030 in
1582 3960 1674 4045 emsa
1689 3956 1765 4023 euch
1774 3976 1822 4026 zu

505 4069 589 4120 untz
606 4052 672 4115 und
685 4048 792 4115 Ehren
809 4049 922 4115 dienet.

548 4136 600 4219 (e)
625 4134 733 4201 Hu'us
743 4132 890 4219 Epistola
900 4134 1093 4222 Excerptutn
1110 4132 1199 4200 nobis
1216 4130 1528 4200 datHOTTiNG.
1546 4136 1609 4197 Le.
1649 4126 1820 4210 .359·362.

547 4222 601 4302 (f)
616 4240 649 4284 ν.
666 4156 893 4287 lineum.
910 4215 1537 4372 T.13php3(exHOTT1NG.Helr.
1580 4259 1589 4277 .
1637 4230 1691 4297 ·p·
1705 4211 1825 4294 55.62.

544 4306 600 4394 (g)
623 4326 656 4375 v.
678 4304 798 4374 Introd.
821 4304 912 4392 nostr.
936 4303 956 4386 §
1145 4320 1260 4391 p,104,
