4442 5150
452 625 1427 736 n.1521.·‘REN0V‘AT1.
1524 626 1535 667 ³
1712 645 1766 742 ‘pn

452 761 668 856 mulgatur,
702 780 776 853 quo
800 756 1001 828 Lutlrerom
1026 753 1269 851 proscribebat
1293 757 1440 832 Caesar:
1475 765 1533 853 (al
1552 758 1755 839 Exordium

451 858 555 930 ducit
582 853 678 926 :isua
692 850 860 950 persona3
897 861 950 941 (b)
967 851 1016 923 sui
1034 853 1204 926 nimirum
1220 854 1288 928 elle
1301 854 1436 951 officii,
1469 856 1667 936 nonrnodb¹
1685 851 1753 936 lia-³

452 954 559 1026 bilire
579 953 635 1024 Im
665 952 778 1022 crium
798 948 1038 1046 amplificare,
1070 948 1130 1022 sed
1146 950 1335 1047 providere
1350 955 1479 1046 etiam,
1513 981 1557 1030 ne
1598 982 1641 1032 ua
1657 954 1754 1033 labet

453 1073 516 1125 aut
533 977 674 1123 baereiis
693 1048 784 1118 intra
799 1044 888 1118 fines
909 1046 1055 1141 Imperii
1073 1043 1253 1119 nascatur:
1291 1049 1330 1120 dt
1346 1054 1495 1148 majores
1512 984 1654 1150 quidem
1672 1053 1753 1129 suos

453 1151 492 1221 in
517 1149 609 1220 hanc
634 1167 755 1216 curam
779 1141 972 1240 diligenter
995 1142 1209 1217 incubuisse:
1243 1145 1359 1217 multo
1383 1146 1496 1244 igitur
1510 1148 1752 1251 else'aeqnius,

453 1264 495 1319 ut
519 1243 617 1342 ipse,
641 1241 702 1314 cui
728 1259 862 1312 tantam
889 1259 1033 1336 tamque
1059 1240 1128 1313 late
1152 1259 1333 1339 patentem
1350 1241 1524 1317 ditionem
1541 1249 1641 1321 Dens
1660 1236 1748 1322 con·

424 1362 428 1370 ’
453 1340 572 1433 cessit,
605 1337 757 1411 illorum:
776 1334 934 1434 vestigiis
952 1332 1106 1410 insistat:
1142 1361 1223 1410 nam
1242 1336 1267 1410 fi
1285 1362 1405 1414 recens
1425 1342 1466 1413 in*
1478 1342 1673 1419 Germania
1687 1371 1749 1418 na·

452 1457 506 1513 tas
531 1434 678 1511 haeresor
701 1457 776 1506 non
799 1434 1010 1523 coherceat,
1044 1434 1141 1526 fore,
1171 1454 1214 1507 ut
1241 1436 1547 1512 &conscientiam
1565 1436 1751 1541 tpre'suam'

451 1535 585 1626 laedat,
600 1533 638 1608 dt
655 1532 693 1604 in
709 1533 781 1604 boc
796 1531 899 1629 regni
915 1531 965 1602 sui
983 1529 1181 1627 primordio
1191 1531 1758 1639 maximamnonlnisindignita55

453 1652 529 1707 tem
546 1630 609 1704 fibi
625 1626 816 1704 conciliet:
844 1647 970 1698 notum
988 1624 1056 1698 csse
1069 1625 1182 1699 dubio
1197 1628 1324 1724 procul
1341 1631 1535 1726 omnibus,
1558 1659 1664 1734 quam
1684 1637 1753 1708 ima

453 1731 514 1827 pia
537 1728 712 1826 dogmata.
731 1724 914 1797 Lutlrerus
932 1745 1028 1794 nunc
1046 1722 1185 1821 aliquot
1198 1727 1295 1798 annis
1312 1721 1506 1827 divblgarit
1517 1743 1535 1804 :'
1560 1725 1600 1806 ea
1617 1757 1654 1807 re
1670 1753 1757 1833 pen·

454 1845 610 1899 motum>
634 1821 849 1896 Pontificem
877 1819 1073 1892 maximum
1092 1860 1120 1912 ,·
1137 1819 1299 1895 Leonem
1325 1822 1537 1921 decimum,
1572 1828 1617 1903 ad
1642 1850 1751 1927 quem

478 1921 628 1997 'usmodi
654 1919 819 2020 cognitio
843 1917 990 2086 proprie
1013 1918 1210 2014 pertineat,
1244 1919 1334 1993 nihil
1359 1944 1433 1994 non
1447 1924 1613 2023 tentasse,
1644 1947 1686 2002 ut
1706 1920 1756 2001 ad

511 2023 623 2094 iorem
642 2035 805 2092 mentem
825 2015 926 2088 ilum
953 2029 1159 2108 revocaret,
1194 2017 1233 2090 dt
1257 2018 1437 2116 principio
1462 2023 1608 2120 quidem
1625 2020 1753 2098 lenisl'a-

454 2118 523 2191 mis
535 2115 639 2192 usum
653 2113 754 2189 fuisse
770 2111 955 2187 remediis:
991 2131 1140 2207 vermm,
1173 2112 1234 2187 ubi
1251 2116 1342 2187 nihil
1359 2115 1549 2212 profecit,
1563 2120 1611 2193 ad
1623 2134 1754 2204 casta*

454 2217 595 2308 tiones,
627 2219 707 2312 quae
735 2208 929 2310 legibus&
946 2209 1125 2307 majorum
1148 2207 1300 2286 decretis
1314 2214 1568 2311 continentur,
1601 2209 1757 2312 venire-²
1786 2284 1788 2288 .

457 2330 669 2409 certumque
691 2303 912 2383 denunciasse
938 2325 1102 2403 tempus,
1137 2307 1229 2380 intra
1245 2308 1344 2407 quod
1359 2332 1514 2383 errorem
1532 2271 1757 2412 deponeret}

455 2408 560 2508 gnavi
573 2406 914 2504 constitutapoena,
940 2400 1004 2476 nili
1023 2423 1181 2502 pareret:
1208 2404 1308 2479 illurn
1325 2404 1434 2500 verb,
1458 2431 1537 2481 non
1547 2403 1660 2484 solarii
1677 2418 1754 2484 nori

453 2502 732 2607 obtemperasse,
763 2500 1019 2577 verumetiam
1042 2501 1234 2577 atrociores
1259 2502 1405 2579 edidisse
1419 2503 1568 2583 libros:
1586 2531 1669 2584 cum
1687 2507 1754 2583 au>¹

455 2604 715 2702 temgraviter
735 2601 806 2699 ipse
830 2597 1264 2698 apontiliceurgeretur,
1295 2621 1338 2675 ut
1353 2602 1513 2676 ecclesrae
1531 2604 1632 2679 suum
1653 2606 1754 2719 prta-²

455 2699 564 2774 staret
579 2698 742 2775 officium
759 2721 800 2769 ac
815 2697 997 2770 hominem
1016 2715 1207 2769 nocentem
1222 2697 1426 2789 cohiberet,
1458 2697 1641 2774 decretum
1662 2698 1755 2773 rll'ud

455 2794 639 2895 evulgasse
660 2792 861 2892 pontificia:
887 2813 1013 2867 verum
1039 2814 1084 2864 ne
1098 2792 1148 2864 ita
1188 2792 1306 2863 uidem
1317 2792 1425 2863 illum
1440 2791 1511 2865 else
1525 2794 1657 2868 facium
1678 2789 1756 2868 nie*

456 2892 607 2988 liorem,
629 2891 706 2965 ino
721 2908 808 2965 tunc
822 2891 981 3059 primum
1000 2886 1151 3003 coepille
1206 2909 1303 2981 rere,
1337 2890 1376 2962 dt
1393 2886 1505 2961 editis*
1517 2889 1616 2965 libris
1633 2891 1756 3005 indigt
1885 2923 1887 2925 ·

456 3014 503 3064 ae
532 3015 575 3065 ac
599 2988 858 3065 contumelloe
879 2987 993 3061 multa
1013 2984 1080 3061 serr
1109 2984 1211 3080 fiffe,
1245 3010 1312 3061 nec
1334 2983 1434 3059 aliud
1456 2986 1493 3059 in
1516 2987 1624 3089 ipsius
1651 2991 1754 3064 libne
1796 3002 1801 3006 “

458 3109 564 3187 quarn
581 3087 788 3177 seditiones,
812 3085 929 3179 bella,
951 3010 1163 3179 discordiae,
1187 3082 1372 3178 incendia,
1404 3085 1521 3159 caedes
1538 3107 1646 3187 atque
1662 3085 1756 3188 rapi·

456 3209 518 3260 naa
534 3184 731 3260 contineri:
765 3202 907 3283 patrum
927 3184 964 3257 δε
981 3181 1220 3257 conciliorum
1235 3181 1280 3256 ab
1296 3206 1340 3255 eo
1356 3188 1541 3257 contemni
1558 3187 1758 3260 authorita⁶

456 3303 554 3376 tem,
586 3284 625 3359 ὃς
652 3279 914 3357 Constantienli
930 3280 1087 3353 concilio
1102 3303 1266 3380 magnam
1288 3280 1449 3378 inprimis
1467 3280 1544 3354 fieri
1566 3281 1757 3357 contumess

456 3377 565 3473 liam,
597 3403 679 3477 quae
703 3378 847 3477 quidem
872 3400 946 3450 non
967 3375 1081 3450 solum
1104 3377 1150 3450 ad
1166 3381 1244 3478 ejus
1261 3377 1377 3450 aetatis
1393 3380 1489 3449 viros
1507 3374 1756 3470 sandrissimos,

454 3499 593 3549 verum»
606 3476 651 3550 acl
665 3473 933 3575 Sigismundum
961 3497 1103 3571 quoque
1121 3473 1297 3548 Caesarem
1315 3472 1415 3548 &ad
1432 3475 1601 3548 Senatum
1615 3475 1754 3574 princi·

454 3596 540 3671 pum
565 3573 760 3671 pertineat:
795 3573 1050 3644 immanitatem
1073 3570 1180 3668 ipfius
1198 3567 1452 3668 atquerabiem
1472 3568 1603 3643 nullius
1620 3570 1759 3643 oratio-¹

495 3717 498 3722 ·
1713 3694 1759 3743 ne

468 3888 469 3891 =
493 3787 1050 3928 (a).Edi&nn·nnewormiriense
1064 3844 1177 3912 Latina
1193 3846 1298 3926 lingua
1311 3843 1401 3907 babet
1417 3840 1620 3931 Bzovtus
1639 3826 1759 3929 Annal.
1816 3884 1821 3895 =

455 3930 517 4000 sol·
536 3949 607 4015 390.
626 3932 709 4015 seqq.
739 3950 777 3997 ea
803 3929 965 4013 qno-illud
981 3934 1054 3996 hnic
1062 3929 1165 4007 Operi
1182 3928 1365 4007 subjecimus
1382 3924 1549 3995 Numvl.
1569 3947 1660 4014 atque
1677 3930 1760 3997 Ger·-

452 4015 613 4083 manicam
634 4016 789 4099 reperitur·
806 4016 886 4081 inter
900 4014 1007 4096 Opera
1021 4007 1241 4080 LUTHERI
1261 4008 1401 4111 lmen-fia
1412 4007 1606 4115 ¹Germanica·
1621 4012 1723 4077 Tom.
1741 4034 1775 4123 r,
1806 4085 1810 4092 ,

455 4096 1185 4351 ffilglffbimjnrconpmdan-nobn
1208 4176 1300 4244 tradit
1322 4172 1595 4275 SLElDllNUS
1616 4168 1697 4245 Lib.
1716 4143 1776 4255 nii
1805 4203 1877 4210 ·

455 4284 487 4351 ρο
540 4310 547 4327 ι
606 4283 660 4331 ⁸⁸·
951 4309 956 4316 ·
995 4297 997 4301 ⁴
1494 4291 1500 4308 ¹
1545 4293 1549 4304 '
1581 4277 1589 4286 i
1828 4294 1830 4297 '
