4442 5150
1047 530 1168 620 (Η)

502 659 532 735 it
556 659 718 759 scriptas,
742 659 857 756 plenas
866 661 991 738 amoris
1008 681 1112 759 etque
1121 661 1356 752 observantie,
1376 661 1412 736 in
1428 663 1558 760 quibus
1569 663 1664 764 quod
1678 686 1739 764 po·
1888 752 1890 755 ¹

490 756 598 831 ulain
618 753 719 829 nobis
735 757 778 829 de
795 775 865 829 tota
881 746 937 831 illa
956 758 1205 855 permutatione
1222 756 1259 830 &
1271 760 1580 856 recompensatione
1592 760 1741 835 facienda

457 852 543 946 quid
554 850 666 924 adbuc
677 851 871 948 egerimus,
890 873 949 925 aut
971 851 1111 950 posthac
1129 849 1321 950 cogitemus
1336 874 1451 950 agere,
1475 873 1514 925 ut
1526 873 1596 926 tuae
1607 877 1741 929 motem

456 965 626 1042 quantum
648 945 821 1018 Dominus
840 945 967 1020 dederit
991 969 1149 1045 geramus
1172 942 1366 1034 voluntari,
1390 945 1626 1019 dileetiffimus
1646 949 1740 1022 MA·

457 1038 626 1115 RlNUS
638 1039 978 1114 CARACCIOLA
994 1041 1144 1113 notarius
1155 1039 1334 1127 noster,ad
1344 1042 1517 1114 Cesarettn
1526 1041 1738 1138 Majestatetn

456 1135 641 1214 destinatus
655 1133 835 1220 Nuncius,
853 1134 937 1206 Tibi
956 1132 1094 1207 uberius
1110 1153 1269 1229 exponet.
1313 1135 1430 1228 Quem
1449 1158 1512 1207 nos
1527 1136 1636 1232 ipsum
1657 1161 1737 1209 cum

458 1228 561 1302 ctiam
576 1249 672 1302 antea
689 1227 931 1300 meditaremur
947 1229 979 1299 in
999 1230 1084 1302 hanc
1101 1230 1323 1327 Legationem
1336 1231 1484 1319 mittere,
1510 1232 1583 1327 ejus
1595 1228 1737 1325 quidem

458 1323 641 1397 virtute&
662 1321 839 1420 prudentia
856 1323 1019 1414 addunt,
1036 1322 1090 1395 sed
1109 1323 1166 1394 illa
1184 1325 1230 1393 im
1260 1323 1351 1396 rimis
1368 1324 1513 1414 ratione,
1538 1325 1633 1421 quod
1654 1348 1735 1399 eum

457 1415 852 1512 Circumspeelionituae
863 1417 1076 1514 gratumelle
1087 1416 1238 1515 intellige
1282 1440 1379 1507 mus,
1403 1415 1737 1514 superveneruutlit·

458 1529 540 1584 terae
554 1531 643 1600 tuae,
659 1511 727 1583 hoc
746 1512 834 1582 idem
852 1510 873 1583 si
892 1509 990 1584 nobis
1013 1510 1243 1607 requirentes,
1269 1533 1373 1608 quare
1393 1513 1487 1584 omni
1514 1512 1732 1588 contentione

452 1604 597 1678 disculla
609 1605 785 1702 negotium
807 1604 916 1676 statim
931 1605 1087 1678 dedimus
1102 1624 1141 1677 ut
1153 1603 1371 1697 acceleraret,
1389 1603 1560 1703 rebusque
1569 1606 1737 1682 omnibus
1788 1642 1790 1647 ,

454 1694 543 1772 Tibi
560 1697 816 1772 communicatis
834 1717 986 1772 uteretur
1005 1699 1171 1797 imprimis
1184 1698 1293 1798 gratia
1303 1697 1494 1775 confilio&
1506 1699 1624 1775 favore
1638 1702 1737 1776 Tuo.

457 1792 546 1868 No'n
562 1794 652 1867 enim
678 1793 734 1865 Te
759 1814 829 1863 non
849 1792 964 1864 omnia
986 1791 1159 1866 raetorum
1181 1810 1315 1867 certum
1338 1793 1523 1885 habemus,
1557 1817 1637 1891 quae
1653 1795 1735 1870 huic

454 1887 580 1961 senstae
595 1887 695 1976 Sedi,
715 1886 814 1981 cujus
832 1886 894 1959 Tu
921 1885 1036 1961 nobile
1057 1886 1252 1962 membrum
1268 1911 1306 1961 es
1319 1887 1432 1986 ampla
1448 1890 1650 1988 cognoveris
1669 1888 1735 1965 esse

454 1982 653 2057 &honeste
701 1980 799 2071 Quin
814 1981 914 2054 etiam
942 1979 1054 2073 Resam
1071 2008 1205 2057 auream
1227 1983 1507 2056 tetereinstituto
1527 1980 1735 2081 predecello·
1849 2061 1857 2082 ⁸

420 2106 423 2111 ·
455 2099 532 2150 rum
546 2076 740 2150 nostrorum
760 2076 1003 2149 Romanorum
1028 2075 1240 2151 Pontificum
1262 2075 1446 2150 Dominica
1457 2077 1734 2178 Qtadragelimae

481 2191 574 2244 uarta
592 2170 743 2243 benedici
764 2167 894 2242 solitam
909 2169 930 2244 ὲ
948 2170 1120 2268 nobisque
1137 2171 1280 2245 solemni
1298 2195 1393 2245 more
1409 2171 1620 2247 benedietam
1633 2175 1734 2248 alicui

454 2193 595 2339 ieculari
614 2260 764 2360 Principi
780 2265 870 2336 mitti
886 2265 1030 2351 solitam,
1052 2290 1114 2361 per
1129 2266 1276 2338 eundem
1294 2266 1473 2348 Merinum
1494 2267 1677 2342 Nunerum
1691 2269 1732 2342 ad

455 2358 625 2432 Circums
698 2358 808 2430 ionem
833 2360 949 2431 Tuam
973 2358 1104 2431 donum
1121 2357 1294 2447 milimus,
1322 2378 1362 2432 ut
1379 2363 1421 2432 ad
1440 2359 1634 2452 Principem
1678 2365 1731 2435 ui·

452 2450 532 2527 dem
546 2452 611 2525 Ele
648 2475 740 2525 orem
754 2505 765 2541 ,
777 2474 897 2526 verum
909 2472 1019 2524 tamen
1032 2475 1127 2523 novo
1140 2451 1313 2548 exemplo.
1339 2453 1405 2524 Sed
1415 2454 1530 2525 omnin
1542 2455 1663 2528 indicia

452 2547 647 2718 nivpilenpiiae
663 2547 817 2714 ergnge
827 2546 971 2638 nostrae,
985 2544 1059 2619 satis
1069 2543 1168 2619 nobis
1178 2544 1291 2641 justa,
1309 2544 1349 2621 dc
1363 2543 1406 2618 nd
1419 2545 1653 2622 innovandum
1670 2549 1729 2623 ali-

453 2664 514 2740 qui
556 2668 589 2716 vr
614 2662 741 2716 enture
768 2666 798 2715 e.

499 2736 617 2831 Quare
639 2733 915 2832 Circumspedlio
933 2735 1015 2810 Tua
1056 2754 1165 2839 ratum
1185 2734 1270 2809 illud
1296 2755 1425 2809 munus
1444 2736 1610 2835 accipiet,
1632 2740 1729 2839 quod

450 2832 510 2905 etsi
523 2832 706 2930 mysticum
719 2830 767 2903 est
780 2851 986 2930 magnasque
1002 2760 1103 2906 haber
1119 2831 1155 2905 in
1172 2830 1385 2905 selectarum
1399 2851 1513 2905 rerum
1532 2832 1729 2942 interpreta-

452 2926 577 3016 tiones,
596 2947 707 2999 tamen
721 2927 763 2997 ad
780 2945 903 2999 ceteras
917 2926 1136 3025 adjunctum,
1155 2927 1204 3000 est
1216 2927 1251 3023 pi
1276 2950 1341 2999 nus
1354 2927 1478 2999 amoris
1489 2926 1612 3001 summi
1624 2953 1658 3001 m
1673 2932 1729 3004 Te

451 3021 569 3095 nostri.
617 3020 683 3095 Sod
709 3019 753 3093 de
780 3019 941 3093 omnibus
961 2945 1295 3120 Circumspedliogl'

450 3115 597 3191 Nuncio
628 3115 745 3188 nostro
782 3115 914 3207 plenius
943 3118 1002 3191 fiet
1022 3117 1169 3207 certior,
1200 3114 1257 3188 cui
1286 3112 1390 3187 fidem
1418 3140 1555 3189 omnem
1582 3117 1729 3193 habebit.

452 3207 584 3286 Datum
611 3212 741 3285 Romae
757 3211 848 3379 apud
874 3208 1026 3284 sanetum
1050 3215 1190 3285 Petrum
1217 3208 1280 3281 sub
1303 3210 1446 3283 Annulo
1471 3210 1649 3286 Piscatoris
1672 3212 1727 3289 die

1297 3045 1339 3093 ua
1359 3018 1382 3092 a*
1400 3020 1571 3119 ptaedidm
1592 3022 1729 3097 Marino

419 3295 422 3300 ’
449 3302 514 3378 Vl.
537 3305 765 3402 JuniiMDX
808 3305 1063 3380 ‚pontificatus
1081 3304 1187 3380 nostri
1201 3303 1465 3379 Annoocmvo.
1539 3350 1543 3356 ,

1111 3418 1114 3423 ’
1268 3420 1274 3428 ’
1318 3398 1726 3520 Jusnboum'us.
1788 3450 1792 3455 -

865 3587 1020 3689 Epistola
1033 3590 1076 3663 ll.
1100 3589 1142 3664 ad
1157 3584 1316 3664 eundem.
1392 3568 1394 3572 ¹

932 3685 1041 3764 LEO
1064 3685 1107 3759 P.
1130 3686 1170 3760 Ρ.
1195 3685 1247 3764 X.

542 3871 642 3947 neoc
659 3870 711 3945 rr
732 3874 844 3949 noster
865 3876 1005 3951 satutem
1028 3876 1066 3949 sc
1089 3841 1323 3973 Apostolum
1341 3869 1611 3956 beneditionem
1632 3877 1726 3953 Atta.

557 3992 612 4045 tus
640 3969 683 4043 ad
705 3989 768 4042 nos
788 3971 837 4044 est
861 3971 946 4046 liber
968 3972 989 4048 ri
1011 3969 1163 4138 qugdazm
1183 3969 1434 4074 [lumerto
1450 3970 1727 4142 HUTTENg

1667 4090 1688 4141 v
