<?xml version="1.0" encoding="UTF-8"?>
<!DOCTYPE html PUBLIC "-//W3C//DTD XHTML 1.0 Transitional//EN"
    "http://www.w3.org/TR/xhtml1/DTD/xhtml1-transitional.dtd">
<html xmlns="http://www.w3.org/1999/xhtml" xml:lang="en" lang="en">
 <head>
  <title>
</title>
<meta http-equiv="Content-Type" content="text/html;charset=utf-8" />
  <meta name='ocr-system' content='tesseract 3.04.00' />
  <meta name='ocr-capabilities' content='ocr_page ocr_carea ocr_par ocr_line ocrx_word'/>
</head>
<body>
  <div class='ocr_page' id='page_1' title='image "./introductioinhi01gerdgoog_0112.png"; bbox 0 0 4442 5150; ppageno 0'>
   <div class='ocr_carea' id='block_1_1' title="bbox 447 715 1874 4304">
    <p class='ocr_par' dir='ltr' id='par_1_1' title="bbox 463 715 1828 1484">
     <span class='ocr_line' id='line_1_1' title="bbox 547 715 1827 821; baseline 0.002 -21"><span class='ocrx_word' id='word_1_1' title='bbox 547 720 747 800; x_wconf 77' lang='lat' dir='ltr'>effectedas.</span> <span class='ocrx_word' id='word_1_2' title='bbox 796 718 833 797; x_wconf 85' lang='lat' dir='ltr'>Si</span> <span class='ocrx_word' id='word_1_3' title='bbox 843 717 932 795; x_wconf 91' lang='lat' dir='ltr'>enim</span> <span class='ocrx_word' id='word_1_4' title='bbox 944 717 1061 796; x_wconf 89' lang='lat' dir='ltr'>Deum</span> <span class='ocrx_word' id='word_1_5' title='bbox 1074 724 1140 798; x_wconf 81' lang='lat' dir='ltr'>effe</span> <span class='ocrx_word' id='word_1_6' title='bbox 1156 722 1307 798; x_wconf 87' lang='lat' dir='ltr'>crederes</span> <span class='ocrx_word' id='word_1_7' title='bbox 1319 715 1433 813; x_wconf 85' lang='lat' dir='ltr'>hune&#39;,</span> <span class='ocrx_word' id='word_1_8' title='bbox 1455 743 1561 820; x_wconf 87' lang='lat' dir='ltr'>quem</span> <span class='ocrx_word' id='word_1_9' title='bbox 1573 744 1636 801; x_wconf 90' lang='lat' dir='ltr'>nos</span> <span class='ocrx_word' id='word_1_10' title='bbox 1646 724 1710 821; x_wconf 91' lang='lat' dir='ltr'>qui</span> <span class='ocrx_word' id='word_1_11' title='bbox 1721 722 1827 803; x_wconf 66' lang='lat' dir='ltr'>chus</span> 
     </span>
     <span class='ocr_line' id='line_1_2' title="bbox 546 816 1828 919; baseline 0.003 -27"><span class='ocrx_word' id='word_1_12' title='bbox 546 821 588 892; x_wconf 88' lang='lat' dir='ltr'>sti</span> <span class='ocrx_word' id='word_1_13' title='bbox 599 820 736 892; x_wconf 91' lang='lat' dir='ltr'>nomine</span> <span class='ocrx_word' id='word_1_14' title='bbox 747 816 951 917; x_wconf 81' lang='lat' dir='ltr'><strong>gloriamur,</strong></span> <span class='ocrx_word' id='word_1_15' title='bbox 976 843 1040 914; x_wconf 92' lang='lat' dir='ltr'>pro</span> <span class='ocrx_word' id='word_1_16' title='bbox 1052 817 1131 891; x_wconf 86' lang='lat' dir='ltr'>Deo</span> <span class='ocrx_word' id='word_1_17' title='bbox 1147 818 1263 893; x_wconf 86' lang='lat' dir='ltr'>nostro</span> <span class='ocrx_word' id='word_1_18' title='bbox 1274 817 1506 919; x_wconf 79' lang='lat' dir='ltr'>agnoscimus,</span> <span class='ocrx_word' id='word_1_19' title='bbox 1520 835 1696 917; x_wconf 88' lang='lat' dir='ltr'>nunquam</span> <span class='ocrx_word' id='word_1_20' title='bbox 1711 821 1828 917; x_wconf 82' lang='lat' dir='ltr'>profe·</span> 
     </span>
     <span class='ocr_line' id='line_1_3' title="bbox 549 911 1826 1012; baseline 0.002 -25"><span class='ocrx_word' id='word_1_21' title='bbox 549 913 608 988; x_wconf 70' lang='lat' dir='ltr'>&amp;o</span> <span class='ocrx_word' id='word_1_22' title='bbox 625 911 839 1011; x_wconf 87' lang='lat' dir='ltr'>temetipsum</span> <span class='ocrx_word' id='word_1_23' title='bbox 854 911 972 985; x_wconf 91' lang='lat' dir='ltr'>Verbo</span> <span class='ocrx_word' id='word_1_24' title='bbox 989 912 1080 985; x_wconf 84' lang='lat' dir='ltr'>illius</span> <span class='ocrx_word' id='word_1_25' title='bbox 1097 936 1306 1010; x_wconf 85' lang='lat' dir='ltr'>opponeres:</span> <span class='ocrx_word' id='word_1_26' title='bbox 1328 913 1384 986; x_wconf 93' lang='lat' dir='ltr'>cui</span> <span class='ocrx_word' id='word_1_27' title='bbox 1398 913 1467 1012; x_wconf 88' lang='lat' dir='ltr'>jam</span> <span class='ocrx_word' id='word_1_28' title='bbox 1485 915 1580 988; x_wconf 90' lang='lat' dir='ltr'>annis</span> <span class='ocrx_word' id='word_1_29' title='bbox 1597 913 1730 1010; x_wconf 81' lang='lat' dir='ltr'>aliquot</span> <span class='ocrx_word' id='word_1_30' title='bbox 1741 940 1826 990; x_wconf 90' lang='lat' dir='ltr'>con·</span> 
     </span>
     <span class='ocr_line' id='line_1_4' title="bbox 463 1006 1826 1096; baseline 0.003 -15"><span class='ocrx_word' id='word_1_31' title='bbox 463 1076 469 1094; x_wconf 71' lang='grc'>,</span> <span class='ocrx_word' id='word_1_32' title='bbox 546 1009 651 1081; x_wconf 89' lang='lat' dir='ltr'>tinuis</span> <span class='ocrx_word' id='word_1_33' title='bbox 674 1029 763 1081; x_wconf 83' lang='lat' dir='ltr'>tanta</span> <span class='ocrx_word' id='word_1_34' title='bbox 784 1029 864 1080; x_wconf 91' lang='lat' dir='ltr'>cum</span> <span class='ocrx_word' id='word_1_35' title='bbox 885 1007 1127 1081; x_wconf 89' lang='lat' dir='ltr'>temeritate&amp;</span> <span class='ocrx_word' id='word_1_36' title='bbox 1149 1006 1288 1081; x_wconf 87' lang='lat' dir='ltr'>stultitia</span> <span class='ocrx_word' id='word_1_37' title='bbox 1306 1008 1477 1096; x_wconf 82' lang='lat' dir='ltr'>restitisti,</span> <span class='ocrx_word' id='word_1_38' title='bbox 1503 1029 1542 1082; x_wconf 87' lang='lat' dir='ltr'>ut</span> <span class='ocrx_word' id='word_1_39' title='bbox 1557 1032 1675 1082; x_wconf 88' lang='lat' dir='ltr'>omnes</span> <span class='ocrx_word' id='word_1_40' title='bbox 1692 1010 1826 1085; x_wconf 86' lang='lat' dir='ltr'>Christi</span> 
     </span>
     <span class='ocr_line' id='line_1_5' title="bbox 545 1099 1826 1200; baseline 0.004 -25"><span class='ocrx_word' id='word_1_41' title='bbox 545 1103 664 1177; x_wconf 88' lang='lat' dir='ltr'>fideles</span> <span class='ocrx_word' id='word_1_42' title='bbox 679 1124 711 1176; x_wconf 91' lang='lat' dir='ltr'>te</span> <span class='ocrx_word' id='word_1_43' title='bbox 728 1099 971 1176; x_wconf 80' lang='lat' dir='ltr'>ferocissimum</span> <span class='ocrx_word' id='word_1_44' title='bbox 998 1102 1064 1173; x_wconf 87' lang='lat' dir='ltr'>Dei</span> <span class='ocrx_word' id='word_1_45' title='bbox 1087 1101 1220 1174; x_wconf 88' lang='lat' dir='ltr'>hostem</span> <span class='ocrx_word' id='word_1_46' title='bbox 1237 1102 1304 1175; x_wconf 87' lang='lat' dir='ltr'>effe</span> <span class='ocrx_word' id='word_1_47' title='bbox 1320 1104 1548 1199; x_wconf 85' lang='lat' dir='ltr'>&amp;judicarint</span> <span class='ocrx_word' id='word_1_48' title='bbox 1560 1105 1597 1177; x_wconf 89' lang='lat'>&amp;</span> <span class='ocrx_word' id='word_1_49' title='bbox 1613 1127 1650 1176; x_wconf 89' lang='lat' dir='ltr'>re</span> <span class='ocrx_word' id='word_1_50' title='bbox 1672 1104 1740 1200; x_wconf 88' lang='lat' dir='ltr'>ipsa</span> <span class='ocrx_word' id='word_1_51' title='bbox 1762 1130 1826 1180; x_wconf 82' lang='lat' dir='ltr'>ex·</span> 
     </span>
     <span class='ocr_line' id='line_1_6' title="bbox 545 1193 1826 1295; baseline 0.006 -27"><span class='ocrx_word' id='word_1_52' title='bbox 545 1201 632 1293; x_wconf 91' lang='lat' dir='ltr'>perti</span> <span class='ocrx_word' id='word_1_53' title='bbox 656 1194 743 1270; x_wconf 78' lang='lat' dir='ltr'>first:</span> <span class='ocrx_word' id='word_1_54' title='bbox 773 1193 848 1268; x_wconf 81' lang='lat' dir='ltr'>lmb</span> <span class='ocrx_word' id='word_1_55' title='bbox 871 1196 972 1268; x_wconf 89' lang='lat' dir='ltr'>talem</span> <span class='ocrx_word' id='word_1_56' title='bbox 995 1216 1028 1268; x_wconf 89' lang='lat' dir='ltr'>te</span> <span class='ocrx_word' id='word_1_57' title='bbox 1048 1197 1250 1292; x_wconf 78' lang='lat' dir='ltr'>praebuisti,</span> <span class='ocrx_word' id='word_1_58' title='bbox 1281 1218 1319 1268; x_wconf 92' lang='lat' dir='ltr'>ut</span> <span class='ocrx_word' id='word_1_59' title='bbox 1338 1220 1381 1267; x_wconf 89' lang='lat' dir='ltr'>ne</span> <span class='ocrx_word' id='word_1_60' title='bbox 1399 1197 1447 1267; x_wconf 92' lang='lat' dir='ltr'>illi</span> <span class='ocrx_word' id='word_1_61' title='bbox 1470 1198 1637 1291; x_wconf 91' lang='lat' dir='ltr'>quidem,</span> <span class='ocrx_word' id='word_1_62' title='bbox 1666 1198 1727 1295; x_wconf 88' lang='lat' dir='ltr'>qui</span> <span class='ocrx_word' id='word_1_63' title='bbox 1750 1221 1826 1276; x_wconf 84' lang='lat' dir='ltr'>tuas</span> 
     </span>
     <span class='ocr_line' id='line_1_7' title="bbox 546 1288 1821 1388; baseline 0.004 -26"><span class='ocrx_word' id='word_1_64' title='bbox 546 1288 825 1388; x_wconf 55' lang='lat' dir='ltr'>partefiumtur&#39;,</span> <span class='ocrx_word' id='word_1_65' title='bbox 846 1310 969 1362; x_wconf 91' lang='lat' dir='ltr'>tantam</span> <span class='ocrx_word' id='word_1_66' title='bbox 990 1293 1024 1362; x_wconf 91' lang='lat' dir='ltr'>in</span> <span class='ocrx_word' id='word_1_67' title='bbox 1039 1310 1073 1363; x_wconf 90' lang='lat' dir='ltr'>te</span> <span class='ocrx_word' id='word_1_68' title='bbox 1085 1290 1245 1363; x_wconf 89' lang='lat' dir='ltr'>fiduciam</span> <span class='ocrx_word' id='word_1_69' title='bbox 1255 1292 1291 1364; x_wconf 73' lang='grc' dir='ltr'>ὃ(</span> <span class='ocrx_word' id='word_1_70' title='bbox 1307 1291 1397 1387; x_wconf 88' lang='lat' dir='ltr'>spem</span> <span class='ocrx_word' id='word_1_71' title='bbox 1410 1291 1610 1364; x_wconf 88' lang='lat' dir='ltr'>collocatam</span> <span class='ocrx_word' id='word_1_72' title='bbox 1624 1291 1821 1385; x_wconf 82' lang='lat' dir='ltr'>habuerint,</span> 
     </span>
     <span class='ocr_line' id='line_1_8' title="bbox 544 1383 1170 1484; baseline -0.002 -26"><span class='ocrx_word' id='word_1_73' title='bbox 544 1408 704 1484; x_wconf 88' lang='lat' dir='ltr'>quantam</span> <span class='ocrx_word' id='word_1_74' title='bbox 724 1407 760 1458; x_wconf 90' lang='lat' dir='ltr'>tu</span> <span class='ocrx_word' id='word_1_75' title='bbox 777 1384 904 1458; x_wconf 90' lang='lat' dir='ltr'>abillis</span> <span class='ocrx_word' id='word_1_76' title='bbox 929 1383 1109 1480; x_wconf 83' lang='lat' dir='ltr'>sperabas.¹</span> <span class='ocrx_word' id='word_1_77' title='bbox 1168 1434 1170 1438; x_wconf 91' lang='lat'><em>-</em></span> 
     </span>
    </p>

    <p class='ocr_par' dir='ltr' id='par_1_2' title="bbox 447 1477 1874 3069">
     <span class='ocr_line' id='line_1_9' title="bbox 593 1477 1826 1578; baseline 0.003 -24"><span class='ocrx_word' id='word_1_78' title='bbox 593 1481 736 1555; x_wconf 87' lang='lat' dir='ltr'>Accedit</span> <span class='ocrx_word' id='word_1_79' title='bbox 759 1479 810 1552; x_wconf 92' lang='lat' dir='ltr'>his</span> <span class='ocrx_word' id='word_1_80' title='bbox 827 1479 919 1553; x_wconf 87' lang='lat' dir='ltr'>aliud</span> <span class='ocrx_word' id='word_1_81' title='bbox 939 1502 1080 1578; x_wconf 87' lang='lat' dir='ltr'>quoque</span> <span class='ocrx_word' id='word_1_82' title='bbox 1099 1477 1204 1578; x_wconf 90' lang='lat' dir='ltr'>longe</span> <span class='ocrx_word' id='word_1_83' title='bbox 1219 1480 1508 1556; x_wconf 65' lang='lat' dir='ltr'>&#39;evidentissimum</span> <span class='ocrx_word' id='word_1_84' title='bbox 1524 1480 1657 1578; x_wconf 85' lang='lat' dir='ltr'>signum</span> <span class='ocrx_word' id='word_1_85' title='bbox 1672 1483 1768 1578; x_wconf 88' lang='lat' dir='ltr'>quod</span> <span class='ocrx_word' id='word_1_86' title='bbox 1781 1507 1826 1558; x_wconf 89' lang='lat' dir='ltr'>ne</span> 
     </span>
     <span class='ocr_line' id='line_1_10' title="bbox 542 1573 1823 1674; baseline 0.003 -26"><span class='ocrx_word' id='word_1_87' title='bbox 542 1577 663 1648; x_wconf 87' lang='lat' dir='ltr'>micam</span> <span class='ocrx_word' id='word_1_88' title='bbox 693 1576 831 1671; x_wconf 88' lang='lat' dir='ltr'>quidem</span> <span class='ocrx_word' id='word_1_89' title='bbox 865 1575 920 1649; x_wconf 89' lang='lat' dir='ltr'>vel</span> <span class='ocrx_word' id='word_1_90' title='bbox 946 1573 1148 1674; x_wconf 83' lang='lat' dir='ltr'>religionis,</span> <span class='ocrx_word' id='word_1_91' title='bbox 1176 1576 1230 1648; x_wconf 90' lang='lat' dir='ltr'>vel</span> <span class='ocrx_word' id='word_1_92' title='bbox 1260 1577 1388 1672; x_wconf 89' lang='lat' dir='ltr'>pietatis</span> <span class='ocrx_word' id='word_1_93' title='bbox 1416 1577 1471 1649; x_wconf 91' lang='lat' dir='ltr'>vel</span> <span class='ocrx_word' id='word_1_94' title='bbox 1501 1577 1668 1655; x_wconf 84' lang='lat' dir='ltr'>charitatis</span> <span class='ocrx_word' id='word_1_95' title='bbox 1695 1577 1763 1650; x_wconf 88' lang='lat' dir='ltr'>Dei</span> <span class='ocrx_word' id='word_1_96' title='bbox 1785 1580 1823 1652; x_wconf 92' lang='lat' dir='ltr'>in</span> 
     </span>
     <span class='ocr_line' id='line_1_11' title="bbox 447 1669 1819 1769; baseline 0.006 -31"><span class='ocrx_word' id='word_1_97' title='bbox 447 1730 450 1738; x_wconf 92' lang='lat'>.</span> <span class='ocrx_word' id='word_1_98' title='bbox 542 1689 575 1742; x_wconf 89' lang='lat' dir='ltr'>te</span> <span class='ocrx_word' id='word_1_99' title='bbox 591 1671 657 1744; x_wconf 86' lang='lat' dir='ltr'>else</span> <span class='ocrx_word' id='word_1_100' title='bbox 672 1671 783 1744; x_wconf 89' lang='lat' dir='ltr'>docet.</span> <span class='ocrx_word' id='word_1_101' title='bbox 833 1670 868 1743; x_wconf 88' lang='lat' dir='ltr'>Si</span> <span class='ocrx_word' id='word_1_102' title='bbox 893 1671 983 1744; x_wconf 86' lang='lat' dir='ltr'>enim</span> <span class='ocrx_word' id='word_1_103' title='bbox 1008 1671 1073 1744; x_wconf 90' lang='lat' dir='ltr'>tale</span> <span class='ocrx_word' id='word_1_104' title='bbox 1099 1671 1262 1766; x_wconf 84' lang='lat' dir='ltr'>quiddam</span> <span class='ocrx_word' id='word_1_105' title='bbox 1283 1674 1344 1747; x_wconf 90' lang='lat' dir='ltr'>tibi</span> <span class='ocrx_word' id='word_1_106' title='bbox 1366 1673 1505 1761; x_wconf 79' lang='lat' dir='ltr'>inesset,</span> <span class='ocrx_word' id='word_1_107' title='bbox 1529 1669 1673 1744; x_wconf 78' lang='lat' dir='ltr'>debebas</span> <span class='ocrx_word' id='word_1_108' title='bbox 1694 1672 1819 1769; x_wconf 85' lang='lat' dir='ltr'>utique</span> 
     </span>
     <span class='ocr_line' id='line_1_12' title="bbox 544 1763 1822 1861; baseline 0.003 -25"><span class='ocrx_word' id='word_1_109' title='bbox 544 1765 725 1860; x_wconf 81' lang='lat' dir='ltr'>(siquidem</span> <span class='ocrx_word' id='word_1_110' title='bbox 757 1780 823 1836; x_wconf 88' lang='lat' dir='ltr'>mc·</span> <span class='ocrx_word' id='word_1_111' title='bbox 843 1763 1057 1838; x_wconf 70' lang='lat' dir='ltr'>stduuorem</span> <span class='ocrx_word' id='word_1_112' title='bbox 1093 1786 1223 1838; x_wconf 90' lang='lat' dir='ltr'>tantum</span> <span class='ocrx_word' id='word_1_113' title='bbox 1253 1768 1320 1839; x_wconf 76' lang='lat' dir='ltr'>esl&#39;e</span> <span class='ocrx_word' id='word_1_114' title='bbox 1358 1791 1522 1852; x_wconf 87' lang='lat' dir='ltr'>noveras,</span> <span class='ocrx_word' id='word_1_115' title='bbox 1550 1767 1612 1861; x_wconf 90' lang='lat' dir='ltr'>qui</span> <span class='ocrx_word' id='word_1_116' title='bbox 1647 1787 1714 1838; x_wconf 88' lang='lat' dir='ltr'>tam</span> <span class='ocrx_word' id='word_1_117' title='bbox 1740 1791 1822 1856; x_wconf 83' lang='lat' dir='ltr'>pro·</span> 
     </span>
     <span class='ocr_line' id='line_1_13' title="bbox 541 1857 1821 1954; baseline 0.003 -24"><span class='ocrx_word' id='word_1_118' title='bbox 541 1859 692 1950; x_wconf 88' lang='lat' dir='ltr'>pudiosrs</span> <span class='ocrx_word' id='word_1_119' title='bbox 715 1857 845 1952; x_wconf 87' lang='lat' dir='ltr'>scriptis</span> <span class='ocrx_word' id='word_1_120' title='bbox 873 1861 909 1930; x_wconf 67' lang='grc' dir='ltr'>ὅ(</span> <span class='ocrx_word' id='word_1_121' title='bbox 934 1858 1098 1929; x_wconf 86' lang='lat' dir='ltr'>haereticis</span> <span class='ocrx_word' id='word_1_122' title='bbox 1121 1859 1389 1952; x_wconf 74' lang='lat' dir='ltr'>expositionibus</span> <span class='ocrx_word' id='word_1_123' title='bbox 1415 1863 1595 1954; x_wconf 89' lang='lat' dir='ltr'>scripturas</span> <span class='ocrx_word' id='word_1_124' title='bbox 1622 1861 1749 1933; x_wconf 68' lang='lat' dir='ltr'>satttstas</span> <span class='ocrx_word' id='word_1_125' title='bbox 1769 1862 1821 1934; x_wconf 87' lang='lat' dir='ltr'>di·</span> 
     </span>
     <span class='ocr_line' id='line_1_14' title="bbox 543 1948 1823 2033; baseline 0.005 -11"><span class='ocrx_word' id='word_1_126' title='bbox 543 1953 701 2025; x_wconf 85' lang='lat' dir='ltr'>velletem</span> <span class='ocrx_word' id='word_1_127' title='bbox 731 1953 767 2026; x_wconf 66' lang='grc' dir='ltr'>δε</span> <span class='ocrx_word' id='word_1_128' title='bbox 792 1951 946 2023; x_wconf 88' lang='lat' dir='ltr'>laniarcm</span> <span class='ocrx_word' id='word_1_129' title='bbox 971 1950 1104 2033; x_wconf 78' lang='lat' dir='ltr'>misere)</span> <span class='ocrx_word' id='word_1_130' title='bbox 1131 1953 1237 2024; x_wconf 88' lang='lat' dir='ltr'>amica</span> <span class='ocrx_word' id='word_1_131' title='bbox 1257 1955 1354 2026; x_wconf 82' lang='lat' dir='ltr'>simul</span> <span class='ocrx_word' id='word_1_132' title='bbox 1377 1957 1413 2027; x_wconf 70' lang='grc' dir='ltr'>ὅ(</span> <span class='ocrx_word' id='word_1_133' title='bbox 1431 1954 1576 2024; x_wconf 87' lang='lat' dir='ltr'>fraterna</span> <span class='ocrx_word' id='word_1_134' title='bbox 1589 1948 1823 2028; x_wconf 87' lang='lat' dir='ltr'>admonitione</span> 
     </span>
     <span class='ocr_line' id='line_1_15' title="bbox 542 2043 1874 2153; baseline 0.002 -35"><span class='ocrx_word' id='word_1_135' title='bbox 542 2070 598 2118; x_wconf 89' lang='lat' dir='ltr'>me</span> <span class='ocrx_word' id='word_1_136' title='bbox 624 2043 875 2153; x_wconf 86' lang='lat' dir='ltr'>compellavilse</span> <span class='ocrx_word' id='word_1_137' title='bbox 903 2045 1076 2141; x_wconf 90' lang='lat' dir='ltr'>primum,</span> <span class='ocrx_word' id='word_1_138' title='bbox 1102 2064 1250 2118; x_wconf 90' lang='lat' dir='ltr'>nectam</span> <span class='ocrx_word' id='word_1_139' title='bbox 1282 2048 1395 2120; x_wconf 85' lang='lat' dir='ltr'>lethali</span> <span class='ocrx_word' id='word_1_140' title='bbox 1425 2044 1540 2120; x_wconf 92' lang='lat' dir='ltr'>morsu</span> <span class='ocrx_word' id='word_1_141' title='bbox 1563 2070 1618 2119; x_wconf 89' lang='lat' dir='ltr'>me</span> <span class='ocrx_word' id='word_1_142' title='bbox 1646 2049 1822 2145; x_wconf 84' lang='lat' dir='ltr'>impetere.</span> <span class='ocrx_word' id='word_1_143' title='bbox 1872 2099 1874 2103; x_wconf 92' lang='lat'>-</span> 
     </span>
     <span class='ocr_line' id='line_1_16' title="bbox 542 2139 1822 2239; baseline 0.002 -25"><span class='ocrx_word' id='word_1_144' title='bbox 542 2145 641 2225; x_wconf 90' lang='lat' dir='ltr'>Deus</span> <span class='ocrx_word' id='word_1_145' title='bbox 664 2164 778 2228; x_wconf 83' lang='lat' dir='ltr'>emm,</span> <span class='ocrx_word' id='word_1_146' title='bbox 808 2140 868 2238; x_wconf 91' lang='lat' dir='ltr'>qui</span> <span class='ocrx_word' id='word_1_147' title='bbox 895 2160 1040 2214; x_wconf 88' lang='lat' dir='ltr'>mortem</span> <span class='ocrx_word' id='word_1_148' title='bbox 1061 2142 1246 2234; x_wconf 85' lang='lat' dir='ltr'>peccatoris</span> <span class='ocrx_word' id='word_1_149' title='bbox 1277 2167 1346 2215; x_wconf 93' lang='lat' dir='ltr'>non</span> <span class='ocrx_word' id='word_1_150' title='bbox 1367 2141 1541 2239; x_wconf 88' lang='lat' dir='ltr'>postulat,</span> <span class='ocrx_word' id='word_1_151' title='bbox 1563 2139 1682 2216; x_wconf 92' lang='lat' dir='ltr'>amicis</span> <span class='ocrx_word' id='word_1_152' title='bbox 1702 2144 1822 2216; x_wconf 87' lang='lat' dir='ltr'>admo·</span> 
     </span>
     <span class='ocr_line' id='line_1_17' title="bbox 539 2234 1821 2343; baseline -0.008 -29"><span class='ocrx_word' id='word_1_153' title='bbox 539 2235 729 2314; x_wconf 88' lang='lat' dir='ltr'>nitionibus</span> <span class='ocrx_word' id='word_1_154' title='bbox 761 2255 936 2343; x_wconf 83' lang='lat' dir='ltr'>peccantes</span> <span class='ocrx_word' id='word_1_155' title='bbox 965 2235 998 2307; x_wconf 91' lang='lat' dir='ltr'>in</span> <span class='ocrx_word' id='word_1_156' title='bbox 1025 2235 1117 2306; x_wconf 89' lang='lat' dir='ltr'>viam</span> <span class='ocrx_word' id='word_1_157' title='bbox 1135 2234 1296 2311; x_wconf 88' lang='lat' dir='ltr'>reducere</span> <span class='ocrx_word' id='word_1_158' title='bbox 1314 2237 1408 2312; x_wconf 91' lang='lat' dir='ltr'>solet.</span> <span class='ocrx_word' id='word_1_159' title='bbox 1459 2237 1507 2309; x_wconf 85' lang='lat' dir='ltr'>Et</span> <span class='ocrx_word' id='word_1_160' title='bbox 1534 2255 1573 2308; x_wconf 91' lang='lat' dir='ltr'>tu</span> <span class='ocrx_word' id='word_1_161' title='bbox 1596 2259 1757 2333; x_wconf 92' lang='lat' dir='ltr'>quoque,</span> <span class='ocrx_word' id='word_1_162' title='bbox 1779 2238 1821 2313; x_wconf 82' lang='lat' dir='ltr'>fi.</span> 
     </span>
     <span class='ocr_line' id='line_1_18' title="bbox 541 2327 1820 2430; baseline 0.004 -26"><span class='ocrx_word' id='word_1_163' title='bbox 541 2335 680 2430; x_wconf 88' lang='lat' dir='ltr'>quidem</span> <span class='ocrx_word' id='word_1_164' title='bbox 705 2333 771 2403; x_wconf 85' lang='lat' dir='ltr'>Der</span> <span class='ocrx_word' id='word_1_165' title='bbox 803 2330 916 2403; x_wconf 88' lang='lat' dir='ltr'>cultor</span> <span class='ocrx_word' id='word_1_166' title='bbox 936 2329 1017 2404; x_wconf 80' lang='lat' dir='ltr'>esses</span> <span class='ocrx_word' id='word_1_167' title='bbox 1039 2327 1151 2404; x_wconf 86' lang='lat' dir='ltr'>fidelis</span> <span class='ocrx_word' id='word_1_168' title='bbox 1181 2331 1355 2429; x_wconf 87' lang='lat' dir='ltr'>&amp;aliqua</span> <span class='ocrx_word' id='word_1_169' title='bbox 1381 2331 1489 2406; x_wconf 90' lang='lat' dir='ltr'>divini</span> <span class='ocrx_word' id='word_1_170' title='bbox 1516 2330 1653 2426; x_wconf 89' lang='lat' dir='ltr'>spiritus</span> <span class='ocrx_word' id='word_1_171' title='bbox 1677 2333 1820 2409; x_wconf 87' lang='lat' dir='ltr'>scintilla</span> 
     </span>
     <span class='ocr_line' id='line_1_19' title="bbox 540 2424 1817 2534; baseline 0.001 -33"><span class='ocrx_word' id='word_1_172' title='bbox 540 2427 728 2525; x_wconf 86' lang='lat' dir='ltr'>praeditus,</span> <span class='ocrx_word' id='word_1_173' title='bbox 750 2427 843 2499; x_wconf 91' lang='lat' dir='ltr'>hunc</span> <span class='ocrx_word' id='word_1_174' title='bbox 868 2426 935 2522; x_wconf 88' lang='lat' dir='ltr'>Dei</span> <span class='ocrx_word' id='word_1_175' title='bbox 953 2448 1103 2515; x_wconf 90' lang='lat' dir='ltr'>morem,</span> <span class='ocrx_word' id='word_1_176' title='bbox 1124 2424 1196 2498; x_wconf 79' lang='lat' dir='ltr'>imb</span> <span class='ocrx_word' id='word_1_177' title='bbox 1213 2448 1424 2534; x_wconf 73' lang='lat' dir='ltr'>praeceptum</span> <span class='ocrx_word' id='word_1_178' title='bbox 1448 2449 1591 2524; x_wconf 85' lang='lat' dir='ltr'>quoque</span> <span class='ocrx_word' id='word_1_179' title='bbox 1609 2481 1619 2514; x_wconf 95' lang='lat'>,</span> <span class='ocrx_word' id='word_1_180' title='bbox 1637 2450 1817 2524; x_wconf 90' lang='lat' dir='ltr'>nunquam</span> 
     </span>
     <span class='ocr_line' id='line_1_20' title="bbox 540 2520 1816 2625; baseline 0.002 -29"><span class='ocrx_word' id='word_1_181' title='bbox 540 2520 751 2625; x_wconf 82' lang='lat' dir='ltr'>neglexisses.</span> <span class='ocrx_word' id='word_1_182' title='bbox 798 2521 893 2595; x_wconf 88' lang='lat' dir='ltr'>Nam</span> <span class='ocrx_word' id='word_1_183' title='bbox 913 2521 936 2595; x_wconf 83' lang='lat' dir='ltr'>fi</span> <span class='ocrx_word' id='word_1_184' title='bbox 964 2520 1153 2619; x_wconf 88' lang='lat' dir='ltr'>peccaverit</span> <span class='ocrx_word' id='word_1_185' title='bbox 1176 2521 1304 2620; x_wconf 87' lang='lat' dir='ltr'>(inquit</span> <span class='ocrx_word' id='word_1_186' title='bbox 1325 2523 1397 2618; x_wconf 89' lang='lat' dir='ltr'>rlle)</span> <span class='ocrx_word' id='word_1_187' title='bbox 1415 2524 1517 2596; x_wconf 86' lang='lat' dir='ltr'>frater</span> <span class='ocrx_word' id='word_1_188' title='bbox 1542 2540 1645 2608; x_wconf 87' lang='lat' dir='ltr'>tuus,</span> <span class='ocrx_word' id='word_1_189' title='bbox 1670 2526 1754 2595; x_wconf 87' lang='lat' dir='ltr'>vade</span> <span class='ocrx_word' id='word_1_190' title='bbox 1777 2524 1816 2599; x_wconf 71' lang='grc' dir='ltr'>δε</span> 
     </span>
     <span class='ocr_line' id='line_1_21' title="bbox 539 2615 1819 2719; baseline -0.001 -28"><span class='ocrx_word' id='word_1_191' title='bbox 539 2642 646 2719; x_wconf 86' lang='lat' dir='ltr'>argue</span> <span class='ocrx_word' id='word_1_192' title='bbox 657 2637 735 2691; x_wconf 87' lang='lat' dir='ltr'>eum</span> <span class='ocrx_word' id='word_1_193' title='bbox 756 2616 843 2691; x_wconf 86' lang='lat' dir='ltr'>inter</span> <span class='ocrx_word' id='word_1_194' title='bbox 859 2638 891 2691; x_wconf 90' lang='lat' dir='ltr'>te</span> <span class='ocrx_word' id='word_1_195' title='bbox 913 2619 1076 2714; x_wconf 90' lang='lat' dir='ltr'>&amp;ipsum</span> <span class='ocrx_word' id='word_1_196' title='bbox 1100 2616 1223 2690; x_wconf 91' lang='lat' dir='ltr'>solum.</span> <span class='ocrx_word' id='word_1_197' title='bbox 1270 2617 1334 2692; x_wconf 81' lang='lat' dir='ltr'>Tu</span> <span class='ocrx_word' id='word_1_198' title='bbox 1355 2643 1456 2708; x_wconf 86' lang='lat' dir='ltr'>vero,</span> <span class='ocrx_word' id='word_1_199' title='bbox 1476 2618 1583 2690; x_wconf 91' lang='lat' dir='ltr'>homo</span> <span class='ocrx_word' id='word_1_200' title='bbox 1595 2615 1819 2708; x_wconf 83' lang='lat' dir='ltr'>ferocissime,</span> 
     </span>
     <span class='ocr_line' id='line_1_22' title="bbox 539 2709 1818 2812; baseline -0.002 -25"><span class='ocrx_word' id='word_1_201' title='bbox 539 2711 718 2787; x_wconf 90' lang='lat' dir='ltr'>communi</span> <span class='ocrx_word' id='word_1_202' title='bbox 728 2711 968 2787; x_wconf 86' lang='lat' dir='ltr'>Helvetiorum</span> <span class='ocrx_word' id='word_1_203' title='bbox 977 2712 1121 2787; x_wconf 90' lang='lat' dir='ltr'>Civitati</span> <span class='ocrx_word' id='word_1_204' title='bbox 1134 2736 1188 2785; x_wconf 90' lang='lat' dir='ltr'>me</span> <span class='ocrx_word' id='word_1_205' title='bbox 1205 2712 1310 2788; x_wconf 86' lang='lat' dir='ltr'>inscio</span> <span class='ocrx_word' id='word_1_206' title='bbox 1327 2715 1516 2812; x_wconf 83' lang='lat' dir='ltr'>Epistulam</span> <span class='ocrx_word' id='word_1_207' title='bbox 1531 2709 1695 2785; x_wconf 88' lang='lat' dir='ltr'>scribis&amp;</span> <span class='ocrx_word' id='word_1_208' title='bbox 1709 2712 1818 2786; x_wconf 86' lang='lat' dir='ltr'>mittis</span> 
     </span>
     <span class='ocr_line' id='line_1_23' title="bbox 539 2806 1818 2909; baseline -0.002 -26"><span class='ocrx_word' id='word_1_209' title='bbox 539 2830 630 2883; x_wconf 89' lang='lat' dir='ltr'>tanta</span> <span class='ocrx_word' id='word_1_210' title='bbox 642 2808 811 2909; x_wconf 87' lang='lat' dir='ltr'>turgidam</span> <span class='ocrx_word' id='word_1_211' title='bbox 822 2810 1027 2908; x_wconf 85' lang='lat' dir='ltr'>arrogantia,</span> <span class='ocrx_word' id='word_1_212' title='bbox 1048 2830 1087 2881; x_wconf 89' lang='lat' dir='ltr'>ut</span> <span class='ocrx_word' id='word_1_213' title='bbox 1101 2808 1185 2882; x_wconf 89' lang='lat' dir='ltr'>huic</span> <span class='ocrx_word' id='word_1_214' title='bbox 1198 2812 1386 2906; x_wconf 89' lang='lat' dir='ltr'>quicquam</span> <span class='ocrx_word' id='word_1_215' title='bbox 1401 2811 1524 2884; x_wconf 86' lang='lat' dir='ltr'>addere</span> <span class='ocrx_word' id='word_1_216' title='bbox 1538 2806 1578 2879; x_wconf 84' lang='lat' dir='ltr'>sit</span> <span class='ocrx_word' id='word_1_217' title='bbox 1589 2806 1795 2904; x_wconf 86' lang='lat' dir='ltr'>irnpoffibile</span> <span class='ocrx_word' id='word_1_218' title='bbox 1809 2833 1818 2880; x_wconf 74' lang='grc' dir='ltr'>ε</span> 
     </span>
     <span class='ocr_line' id='line_1_24' title="bbox 538 2900 1819 3069; baseline -0.002 -94"><span class='ocrx_word' id='word_1_219' title='bbox 538 2907 715 3069; x_wconf 58' lang='lat' dir='ltr'>quamvis,</span> <span class='ocrx_word' id='word_1_220' title='bbox 742 2904 974 2977; x_wconf 89' lang='lat' dir='ltr'>erermanici</span> <span class='ocrx_word' id='word_1_221' title='bbox 992 2904 1154 2976; x_wconf 91' lang='lat' dir='ltr'>sermonis</span> <span class='ocrx_word' id='word_1_222' title='bbox 1166 2905 1311 2996; x_wconf 82' lang='lat' dir='ltr'>phrasim</span> <span class='ocrx_word' id='word_1_223' title='bbox 1327 2904 1474 2999; x_wconf 72' lang='lat' dir='ltr'>spesles,</span> <span class='ocrx_word' id='word_1_224' title='bbox 1499 2904 1639 2999; x_wconf 90' lang='lat' dir='ltr'>prorsus</span> <span class='ocrx_word' id='word_1_225' title='bbox 1651 2921 1765 2995; x_wconf 88' lang='lat' dir='ltr'>mepta</span> <span class='ocrx_word' id='word_1_226' title='bbox 1780 2900 1819 2973; x_wconf 92' lang='lat' dir='ltr'>srt</span> 
     </span>
    </p>

    <p class='ocr_par' dir='ltr' id='par_1_3' title="bbox 592 3020 791 3067">
     <span class='ocr_line' id='line_1_25' title="bbox 592 3020 791 3067; baseline 0 -1"><span class='ocrx_word' id='word_1_227' title='bbox 592 3020 691 3067; x_wconf 85' lang='lat' dir='ltr'>meon</span> <span class='ocrx_word' id='word_1_228' title='bbox 720 3021 791 3066; x_wconf 85' lang='lat' dir='ltr'>rur.</span> 
     </span>
    </p>

    <p class='ocr_par' dir='ltr' id='par_1_4' title="bbox 533 3021 1821 4304">
     <span class='ocr_line' id='line_1_26' title="bbox 590 3021 1817 3184; baseline -0.001 -24"><span class='ocrx_word' id='word_1_229' title='bbox 590 3089 679 3160; x_wconf 85' lang='lat' dir='ltr'>Vide</span> <span class='ocrx_word' id='word_1_230' title='bbox 694 3021 737 3159; x_wconf 57' lang='grc' dir='ltr'>ἓν</span> <span class='ocrx_word' id='word_1_231' title='bbox 763 3112 784 3158; x_wconf 94' lang='lat' dir='ltr'>o</span> <span class='ocrx_word' id='word_1_232' title='bbox 801 3084 904 3184; x_wconf 87' lang='lat' dir='ltr'>qitam</span> <span class='ocrx_word' id='word_1_233' title='bbox 924 3087 1078 3182; x_wconf 88' lang='lat' dir='ltr'>ineptum</span> <span class='ocrx_word' id='word_1_234' title='bbox 1095 3085 1267 3159; x_wconf 91' lang='lat' dir='ltr'>medicum</span> <span class='ocrx_word' id='word_1_235' title='bbox 1283 3108 1316 3160; x_wconf 89' lang='lat' dir='ltr'>te</span> <span class='ocrx_word' id='word_1_236' title='bbox 1336 3087 1559 3183; x_wconf 78' lang='lat' dir='ltr'>praebuisses,</span> <span class='ocrx_word' id='word_1_237' title='bbox 1584 3084 1607 3156; x_wconf 91' lang='lat' dir='ltr'>sr</span> <span class='ocrx_word' id='word_1_238' title='bbox 1626 3087 1704 3181; x_wconf 91' lang='lat' dir='ltr'>quis</span> <span class='ocrx_word' id='word_1_239' title='bbox 1723 3105 1817 3159; x_wconf 87' lang='lat' dir='ltr'>tuam</span> 
     </span>
     <span class='ocr_line' id='line_1_27' title="bbox 540 3110 1821 3288; baseline 0.001 -34"><span class='ocrx_word' id='word_1_240' title='bbox 540 3182 576 3254; x_wconf 92' lang='lat' dir='ltr'>in</span> <span class='ocrx_word' id='word_1_241' title='bbox 590 3181 714 3253; x_wconf 90' lang='lat' dir='ltr'>morbo</span> <span class='ocrx_word' id='word_1_242' title='bbox 728 3110 845 3277; x_wconf 53' lang='lat' dir='ltr'>ariique</span> <span class='ocrx_word' id='word_1_243' title='bbox 863 3180 1002 3276; x_wconf 82' lang='lat' dir='ltr'>petiisset</span> <span class='ocrx_word' id='word_1_244' title='bbox 1015 3202 1165 3275; x_wconf 90' lang='lat' dir='ltr'>operam.</span> <span class='ocrx_word' id='word_1_245' title='bbox 1215 3182 1271 3253; x_wconf 90' lang='lat' dir='ltr'>De</span> <span class='ocrx_word' id='word_1_246' title='bbox 1282 3181 1502 3288; x_wconf 86' lang='lat' dir='ltr'>capitisenim</span> <span class='ocrx_word' id='word_1_247' title='bbox 1515 3178 1694 3253; x_wconf 88' lang='lat' dir='ltr'>doloribus</span> <span class='ocrx_word' id='word_1_248' title='bbox 1711 3180 1821 3255; x_wconf 88' lang='lat' dir='ltr'>multa</span> 
     </span>
     <span class='ocr_line' id='line_1_28' title="bbox 540 3273 1816 3376; baseline 0 -26"><span class='ocrx_word' id='word_1_249' title='bbox 540 3276 713 3375; x_wconf 89' lang='lat' dir='ltr'>querenti,</span> <span class='ocrx_word' id='word_1_250' title='bbox 735 3296 772 3375; x_wconf 77' lang='lat' dir='ltr'>tu</span> <span class='ocrx_word' id='word_1_251' title='bbox 789 3275 933 3376; x_wconf 85' lang='lat' dir='ltr'>genibus</span> <span class='ocrx_word' id='word_1_252' title='bbox 948 3274 1169 3372; x_wconf 84' lang='lat' dir='ltr'>emplastrum</span> <span class='ocrx_word' id='word_1_253' title='bbox 1186 3276 1405 3374; x_wconf 79' lang='lat' dir='ltr'>apposuisses.</span> <span class='ocrx_word' id='word_1_254' title='bbox 1453 3275 1562 3369; x_wconf 89' lang='lat' dir='ltr'>Quod</span> <span class='ocrx_word' id='word_1_255' title='bbox 1585 3273 1816 3349; x_wconf 88' lang='lat' dir='ltr'>srmembrum</span> 
     </span>
     <span class='ocr_line' id='line_1_29' title="bbox 539 3368 1819 3469; baseline -0.002 -22"><span class='ocrx_word' id='word_1_256' title='bbox 539 3396 630 3447; x_wconf 89' lang='lat' dir='ltr'>eram</span> <span class='ocrx_word' id='word_1_257' title='bbox 650 3394 718 3446; x_wconf 86' lang='lat' dir='ltr'>tam</span> <span class='ocrx_word' id='word_1_258' title='bbox 744 3369 943 3458; x_wconf 83' lang='lat' dir='ltr'>scelestum,</span> <span class='ocrx_word' id='word_1_259' title='bbox 967 3368 1152 3443; x_wconf 86' lang='lat' dir='ltr'>nefandum</span> <span class='ocrx_word' id='word_1_260' title='bbox 1179 3396 1218 3446; x_wconf 89' lang='lat' dir='ltr'>ac</span> <span class='ocrx_word' id='word_1_261' title='bbox 1238 3371 1433 3469; x_wconf 91' lang='lat' dir='ltr'>perditum,</span> <span class='ocrx_word' id='word_1_262' title='bbox 1464 3392 1565 3444; x_wconf 85' lang='lat' dir='ltr'>tuum</span> <span class='ocrx_word' id='word_1_263' title='bbox 1587 3369 1707 3466; x_wconf 90' lang='lat' dir='ltr'>utique</span> <span class='ocrx_word' id='word_1_264' title='bbox 1731 3392 1819 3463; x_wconf 87' lang='lat' dir='ltr'>erat,</span> 
     </span>
     <span class='ocr_line' id='line_1_30' title="bbox 538 3465 1817 3563; baseline -0.003 -20"><span class='ocrx_word' id='word_1_265' title='bbox 538 3471 653 3543; x_wconf 89' lang='lat' dir='ltr'>adme</span> <span class='ocrx_word' id='word_1_266' title='bbox 677 3467 735 3539; x_wconf 89' lang='lat' dir='ltr'>ista</span> <span class='ocrx_word' id='word_1_267' title='bbox 765 3465 986 3563; x_wconf 87' lang='lat' dir='ltr'>perscribere,</span> <span class='ocrx_word' id='word_1_268' title='bbox 1015 3489 1070 3536; x_wconf 92' lang='lat' dir='ltr'>me</span> <span class='ocrx_word' id='word_1_269' title='bbox 1090 3469 1213 3540; x_wconf 88' lang='lat' dir='ltr'>erroris</span> <span class='ocrx_word' id='word_1_270' title='bbox 1244 3467 1449 3557; x_wconf 87' lang='lat' dir='ltr'>admonere,</span> <span class='ocrx_word' id='word_1_271' title='bbox 1471 3467 1582 3539; x_wconf 88' lang='lat' dir='ltr'>mein</span> <span class='ocrx_word' id='word_1_272' title='bbox 1608 3467 1697 3537; x_wconf 83' lang='lat' dir='ltr'>viam</span> <span class='ocrx_word' id='word_1_273' title='bbox 1716 3466 1817 3539; x_wconf 87' lang='lat' dir='ltr'>redu·</span> 
     </span>
     <span class='ocr_line' id='line_1_31' title="bbox 538 3558 1818 3638; baseline -0.002 -1"><span class='ocrx_word' id='word_1_274' title='bbox 538 3588 613 3638; x_wconf 87' lang='lat' dir='ltr'>cere</span> <span class='ocrx_word' id='word_1_275' title='bbox 631 3564 666 3635; x_wconf 87' lang='lat'>&amp;</span> <span class='ocrx_word' id='word_1_276' title='bbox 686 3563 705 3636; x_wconf 75' lang='lat' dir='ltr'>i</span> <span class='ocrx_word' id='word_1_277' title='bbox 726 3564 816 3637; x_wconf 88' lang='lat' dir='ltr'>malo</span> <span class='ocrx_word' id='word_1_278' title='bbox 830 3586 982 3635; x_wconf 85' lang='lat' dir='ltr'>avocate.</span> <span class='ocrx_word' id='word_1_279' title='bbox 1033 3560 1145 3632; x_wconf 84' lang='lat' dir='ltr'>Porrb</span> <span class='ocrx_word' id='word_1_280' title='bbox 1163 3586 1245 3636; x_wconf 89' lang='lat' dir='ltr'>cum</span> <span class='ocrx_word' id='word_1_281' title='bbox 1257 3563 1369 3636; x_wconf 90' lang='lat' dir='ltr'>omnis</span> <span class='ocrx_word' id='word_1_282' title='bbox 1387 3561 1522 3635; x_wconf 86' lang='lat' dir='ltr'>fraterni</span> <span class='ocrx_word' id='word_1_283' title='bbox 1545 3559 1670 3633; x_wconf 90' lang='lat' dir='ltr'>amoris</span> <span class='ocrx_word' id='word_1_284' title='bbox 1686 3558 1818 3635; x_wconf 90' lang='lat' dir='ltr'>oblitus</span> 
     </span>
     <span class='ocr_line' id='line_1_32' title="bbox 539 3653 1818 3754; baseline -0.002 -23"><span class='ocrx_word' id='word_1_285' title='bbox 539 3680 606 3731; x_wconf 91' lang='lat' dir='ltr'>tam</span> <span class='ocrx_word' id='word_1_286' title='bbox 629 3657 856 3732; x_wconf 88' lang='lat' dir='ltr'>inhumaniter</span> <span class='ocrx_word' id='word_1_287' title='bbox 883 3663 942 3747; x_wconf 89' lang='lat' dir='ltr'>(ne</span> <span class='ocrx_word' id='word_1_288' title='bbox 964 3655 1073 3728; x_wconf 91' lang='lat' dir='ltr'>dicam</span> <span class='ocrx_word' id='word_1_289' title='bbox 1097 3656 1271 3729; x_wconf 87' lang='lat' dir='ltr'>inhoneste</span> <span class='ocrx_word' id='word_1_290' title='bbox 1299 3660 1335 3732; x_wconf 73' lang='grc' dir='ltr'>ὃ(</span> <span class='ocrx_word' id='word_1_291' title='bbox 1364 3658 1522 3754; x_wconf 86' lang='lat' dir='ltr'>turpiter)</span> <span class='ocrx_word' id='word_1_292' title='bbox 1550 3680 1605 3729; x_wconf 88' lang='lat' dir='ltr'>me</span> <span class='ocrx_word' id='word_1_293' title='bbox 1626 3653 1730 3726; x_wconf 90' lang='lat' dir='ltr'>inscio</span> <span class='ocrx_word' id='word_1_294' title='bbox 1754 3653 1818 3739; x_wconf 57' lang='lat' dir='ltr'>hus</span> 
     </span>
     <span class='ocr_line' id='line_1_33' title="bbox 533 3749 1819 3852; baseline -0.002 -27"><span class='ocrx_word' id='word_1_295' title='bbox 533 3754 686 3852; x_wconf 88' lang='lat' dir='ltr'>jusmodi</span> <span class='ocrx_word' id='word_1_296' title='bbox 718 3753 942 3851; x_wconf 84' lang='lat' dir='ltr'>Tragoediam</span> <span class='ocrx_word' id='word_1_297' title='bbox 966 3774 1105 3828; x_wconf 79' lang='lat' dir='ltr'>morere</span> <span class='ocrx_word' id='word_1_298' title='bbox 1129 3772 1271 3824; x_wconf 90' lang='lat' dir='ltr'>conatus</span> <span class='ocrx_word' id='word_1_299' title='bbox 1305 3751 1375 3840; x_wconf 88' lang='lat' dir='ltr'>fis,</span> <span class='ocrx_word' id='word_1_300' title='bbox 1407 3756 1576 3825; x_wconf 87' lang='lat' dir='ltr'>neminem</span> <span class='ocrx_word' id='word_1_301' title='bbox 1600 3750 1699 3823; x_wconf 80' lang='lat' dir='ltr'>latere</span> <span class='ocrx_word' id='word_1_302' title='bbox 1726 3749 1819 3845; x_wconf 84' lang='lat' dir='ltr'>polle</span> 
     </span>
     <span class='ocr_line' id='line_1_34' title="bbox 539 3844 1818 3947; baseline -0.002 -28"><span class='ocrx_word' id='word_1_303' title='bbox 539 3847 707 3935; x_wconf 85' lang='lat' dir='ltr'>arbitror,</span> <span class='ocrx_word' id='word_1_304' title='bbox 741 3865 773 3920; x_wconf 91' lang='lat' dir='ltr'>te</span> <span class='ocrx_word' id='word_1_305' title='bbox 793 3862 865 3920; x_wconf 82' lang='lat' dir='ltr'>non</span> <span class='ocrx_word' id='word_1_306' title='bbox 890 3847 1003 3942; x_wconf 87' lang='lat' dir='ltr'>aliqua</span> <span class='ocrx_word' id='word_1_307' title='bbox 1033 3846 1160 3920; x_wconf 87' lang='lat' dir='ltr'>divinae</span> <span class='ocrx_word' id='word_1_308' title='bbox 1188 3848 1305 3947; x_wconf 86' lang='lat' dir='ltr'>gratiae</span> <span class='ocrx_word' id='word_1_309' title='bbox 1336 3846 1517 3921; x_wconf 89' lang='lat' dir='ltr'>scintillula</span> <span class='ocrx_word' id='word_1_310' title='bbox 1540 3844 1715 3918; x_wconf 89' lang='lat' dir='ltr'>imbutum</span> <span class='ocrx_word' id='word_1_311' title='bbox 1741 3844 1818 3918; x_wconf 86' lang='lat' dir='ltr'>elle.</span> 
     </span>
     <span class='ocr_line' id='line_1_35' title="bbox 541 3938 1817 4042; baseline -0.001 -30"><span class='ocrx_word' id='word_1_312' title='bbox 541 3942 618 4035; x_wconf 84' lang='lat' dir='ltr'>Qui</span> <span class='ocrx_word' id='word_1_313' title='bbox 636 3942 724 4013; x_wconf 90' lang='lat' dir='ltr'>enim</span> <span class='ocrx_word' id='word_1_314' title='bbox 751 3942 770 4014; x_wconf 80' lang='grc' dir='ltr'>ὲ</span> <span class='ocrx_word' id='word_1_315' title='bbox 798 3945 864 4016; x_wconf 91' lang='lat' dir='ltr'>Dei</span> <span class='ocrx_word' id='word_1_316' title='bbox 891 3942 1015 4013; x_wconf 79' lang='lat' dir='ltr'>familia</span> <span class='ocrx_word' id='word_1_317' title='bbox 1037 3940 1138 4029; x_wconf 91' lang='lat' dir='ltr'>sunt,</span> <span class='ocrx_word' id='word_1_318' title='bbox 1167 3940 1363 4041; x_wconf 82' lang='lat' dir='ltr'>gravissimo</span> <span class='ocrx_word' id='word_1_319' title='bbox 1387 3942 1505 4015; x_wconf 91' lang='lat' dir='ltr'>dolore</span> <span class='ocrx_word' id='word_1_320' title='bbox 1528 3942 1619 4042; x_wconf 89' lang='lat' dir='ltr'>tangi</span> <span class='ocrx_word' id='word_1_321' title='bbox 1639 3940 1768 4026; x_wconf 90' lang='lat' dir='ltr'>solent,</span> <span class='ocrx_word' id='word_1_322' title='bbox 1792 3938 1817 4011; x_wconf 83' lang='lat' dir='ltr'>fi</span> 
     </span>
     <span class='ocr_line' id='line_1_36' title="bbox 538 4036 1815 4136; baseline -0.003 -27"><span class='ocrx_word' id='word_1_323' title='bbox 538 4036 677 4133; x_wconf 87' lang='lat' dir='ltr'>quando</span> <span class='ocrx_word' id='word_1_324' title='bbox 697 4037 845 4134; x_wconf 87' lang='lat' dir='ltr'>ejusdem</span> <span class='ocrx_word' id='word_1_325' title='bbox 866 4038 1019 4133; x_wconf 89' lang='lat' dir='ltr'>corporis</span> <span class='ocrx_word' id='word_1_326' title='bbox 1036 4037 1190 4111; x_wconf 86' lang='lat' dir='ltr'>membra</span> <span class='ocrx_word' id='word_1_327' title='bbox 1206 4039 1306 4113; x_wconf 79' lang='lat' dir='ltr'>tanus</span> <span class='ocrx_word' id='word_1_328' title='bbox 1324 4038 1471 4130; x_wconf 88' lang='lat' dir='ltr'>morbis,</span> <span class='ocrx_word' id='word_1_329' title='bbox 1493 4058 1639 4136; x_wconf 85' lang='lat' dir='ltr'>quantos</span> <span class='ocrx_word' id='word_1_330' title='bbox 1651 4057 1690 4109; x_wconf 91' lang='lat' dir='ltr'>tu</span> <span class='ocrx_word' id='word_1_331' title='bbox 1703 4036 1739 4104; x_wconf 90' lang='lat' dir='ltr'>in</span> <span class='ocrx_word' id='word_1_332' title='bbox 1751 4055 1815 4105; x_wconf 89' lang='lat' dir='ltr'>no·</span> 
     </span>
     <span class='ocr_line' id='line_1_37' title="bbox 537 4131 1821 4304; baseline -0.002 -98"><span class='ocrx_word' id='word_1_333' title='bbox 537 4132 589 4207; x_wconf 90' lang='lat' dir='ltr'>bis</span> <span class='ocrx_word' id='word_1_334' title='bbox 604 4131 726 4231; x_wconf 86' lang='lat' dir='ltr'>fingis,</span> <span class='ocrx_word' id='word_1_335' title='bbox 748 4133 936 4209; x_wconf 85' lang='lat' dir='ltr'>excruciari</span> <span class='ocrx_word' id='word_1_336' title='bbox 953 4132 1099 4209; x_wconf 89' lang='lat' dir='ltr'>videant.</span> <span class='ocrx_word' id='word_1_337' title='bbox 1758 4226 1821 4304; x_wconf 36' lang='lat' dir='ltr'>S&amp;</span> 
     </span>
    </p>
   </div>
   <div class='ocr_carea' id='block_1_2' title="bbox 0 0 2226 5150">
    <p class='ocr_par' dir='ltr' id='par_1_5' title="bbox 0 0 2226 5150">
     <span class='ocr_line' id='line_1_38' title="bbox 0 0 2226 5150; baseline 0 6"><span class='ocrx_word' id='word_1_338' title='bbox 0 0 2226 5150; x_wconf 95' lang='lat' dir='ltr'> </span> 
     </span>
    </p>
   </div>
  </div>
 </body>
</html>
