4442 5150
462 623 1437 729 A.1525.⁴‘RENO‘VATI.
1530 697 1534 708 s
1700 649 1771 748 287

460 812 487 855 „
507 786 560 834 res
579 759 706 835 alias&
720 752 981 852 indifferentes,
1000 764 1204 860 neminique
1213 765 1336 838 noxias
1351 766 1518 866 imagines
1530 769 1769 872 defendendo,

458 909 486 954 „
506 859 600 932 idola
617 883 760 955 quoque
779 860 951 952 deorum,
971 883 1038 932 ceu
1056 884 1129 934 rem
1144 884 1324 934 externam
1337 865 1372 937 &
1385 870 1517 938 nemini
1529 874 1766 947 noxiamaile-

457 981 579 1052 „rere
599 955 728 1052 poffint
746 956 788 1028 ab
809 959 978 1050 interitu,
996 982 1078 1029 cum
1098 957 1234 1031 scilicet
1253 961 1332 1033 hac
1350 965 1439 1033 citra
1456 990 1563 1040 omne
1582 971 1766 1066 religionis

457 1106 483 1149 ,‚
503 1054 670 1127 damnum
691 1054 799 1150 digne
809 1054 965 1149 usurpati
981 1054 1077 1151 polle
1087 1055 1292 1128 clamitant:
1312 1060 1407 1153 quod
1420 1080 1534 1132 tamen
1545 1066 1645 1136 nullo
1656 1071 1766 1141 modo

457 1203 484 1246 „
505 1151 644 1248 prorsus
663 1151 740 1223 fieri
758 1151 887 1248 potest.
915 1153 1000 1223 Hoc
1018 1173 1136 1224 autem
1150 1154 1342 1251 diligenter
1354 1157 1419 1227 tibi
1432 1160 1466 1228 in
1479 1159 1765 1256 hncdisputatio-

456 1299 484 1344 „
503 1275 547 1324 ne
563 1248 680 1322 nostra
700 1248 956 1321 observandum
969 1248 1041 1339 est,
1063 1249 1410 1346 Valentitiedile&e‚
1438 1255 1580 1329 Idolum
1593 1258 1765 1336 hicnobis

457 1398 484 1442 ,‚
504 1373 570 1445 pro
589 1348 746 1444 imagine
763 1347 819 1419 dei
837 1349 987 1441 alicujus
996 1347 1183 1438 ¹tutelaris‚
1203 1373 1307 1444 penes
1317 1374 1421 1443 quem
1437 1351 1613 1427 bonorum
1626 1346 1764 1431 fontem

456 1495 483 1540 „
503 1445 760 1521 &thesaurum
781 1464 947 1539 quaerunt
967 1444 1148 1536 homines,
1173 1445 1353 1543 usurpati,
1379 1467 1454 1520 tum
1475 1473 1603 1544 proco
1624 1453 1764 1527 simula·

454 1593 482 1637 ‚‚
501 1543 613 1635 cliro,
633 1542 730 1639 quod
746 1541 871 1612 divino
890 1541 990 1613 cultu
1010 1540 1281 1638 prosequuntur.
1312 1545 1487 1641 imagines
1504 1545 1592 1620 veri)
1611 1550 1764 1624 dicimus

455 1690 483 1735 „
501 1664 623 1712 omnes
641 1640 803 1711 omnium
824 1661 938 1710 retum
958 1637 1335 1734 vifibitiumexpressas
1347 1641 1613 1737 similitudines,
1630 1650 1763 1740 quoead

455 1787 483 1830 ,‚
503 1737 641 1809 nullum
660 1737 823 1828 cultum,
842 1736 972 1806 nullam
992 1732 1298 1830 superstitionem,
1318 1762 1383 1809 nec
1401 1741 1553 1834 aliquem
1573 1743 1762 1816 ul'umido·
1785 1749 1787 1753 ’

455 1884 482 1927 ,,
504 1834 653 1907 lolattiae
667 1834 840 1906 institutae
855 1832 955 1923 sunt,
975 1834 1101 1928 quibus
1114 1833 1264 1925 deniqne
1276 1859 1346 1904 non
1356 1838 1764 1932 aliquiscultusexhibe·

454 1983 483 2024 „
502 1952 572 2004 tur.
589 1985 615 2023 „
643 1929 839 2003 Enimvero
859 1932 1025 2024 deinceps
1044 1932 1184 2024 quantis
1203 1933 1239 2004 &
1259 1956 1362 2028 quam
1381 1936 1623 2009 abominandis
1642 1935 1761 2034 super·

455 2026 658 2121 stitionibus
685 2028 817 2101 fuerint
845 2027 998 2100 immersi
1022 2029 1118 2100 circa
1136 2029 1330 2125 imaginum
1351 2031 1387 2102 ὃς
1406 2030 1603 2105 ianitorum
1623 2035 1763 2108 cultum

454 2126 593 2222 prorsus
621 2126 913 2217 idololatricum‚
940 2123 1147 2217 Pontificii,
1202 2125 1379 2199 ravillrmis
1399 2129 1513 2203 verbis
1530 2130 1681 2222 edocet,
1708 2135 1762 2203 in·
1795 2208 1797 2213 s

433 2224 629 2297 dicando:
673 2277 699 2317 „
726 2225 831 2324 Quod
855 2223 964 2317 longe
991 2221 1138 2317 plurimi
1163 2150 1198 2295 [Ξ
1222 2222 1502 2321 graviffimorum
1529 2248 1762 2323 peccatorum

453 2321 731 2415 „remissionem
754 2321 969 2393 allecututos
988 2316 1077 2410 esse,
1103 2320 1223 2392 velex
1243 2319 1410 2392 contadlu
1429 2322 1517 2419 ligni
1535 2347 1596 2398 aut
1615 2325 1763 2420 lapidis,

452 2470 480 2514 ‚,
524 2444 605 2493 uem
626 2419 725 2490 faber
742 2441 816 2490 arte
835 2417 892 2490 sua
911 2417 1088 2511 expolivit
1108 2417 1182 2510 (a),
1199 2417 1361 2489 arbitrati
1379 2415 1532 2511 fuerint,
1559 2422 1765 2518 cujusmodi

452 2571 480 2613 „
498 2443 783 2613 iuperstitionem
806 2514 1038 2612 indulgentiis
1057 2512 1126 2587 suis
1144 2512 1412 2587 confirmaverit
1429 2517 1615 2592 Romanus
1634 2521 1761 2593 Ponti·

453 2667 481 2709 ‚,
500 2613 582 2706 fex,
608 2612 737 2709 dignus
755 2614 826 2686 hoc
844 2615 956 2685 choro
975 2613 1153 2707 choragus
1164 2644 1176 2698 3
1204 2614 1308 2713 Quod
1322 2635 1500 2707 nunquam
1512 2616 1676 2691 Gentiles
1687 2643 1762 2690 ma·

391 2748 394 2754 ·
452 2763 481 2807 2,
495 2711 612 2805 jotem
633 2708 873 2783 commiserint
892 2709 1127 2782 idololatriam
1147 2732 1230 2781 cum
1250 2709 1404 2808 ipsorum
1422 2709 1635 2806 limulacris‚
1655 2738 1761 2810 quam

452 2862 480 2904 „
500 2806 686 2880 Pontificii
714 2832 794 2880 cum
822 2807 1042 2897 Lauretum,
1077 2804 1334 2896 Lausannensr‚
1369 2809 1407 2881 &
1433 2807 1698 2905 Walsagamica
1715 2812 1760 2883 B.

451 2957 479 3002 ,‚
499 2903 570 2978 Vir
599 2907 663 2978 inis
690 2906 855 3002 imagine.
901 2908 1003 3005 Quod
1018 2902 1090 3001 ipsa
1108 2904 1188 2977 haec
1207 2903 1407 3001 superstitio
1424 2905 1615 2979 admodum
1637 2907 1760 3003 prodi·

450 3056 478 3098 „
498 2929 596 3101 giaf}
621 3002 706 3078 eiiet
731 3002 832 3075 audla
856 3002 973 3075 seculo
1002 3003 1072 3075 hoc
1090 3001 1235 3076 ultimo.
1276 3005 1380 3103 Qud
1400 3028 1472 3077 non
1490 3003 1642 3078 deciscat
1662 3006 1758 3099 vivi,

452 3153 478 3195 „
498 3102 559 3199 qui
586 3102 898 3199 multiplicationis
922 3103 1117 3197 imaginum
1138 3100 1193 3192 (b)
1213 3101 1389 3197 pudendae
1408 3103 1583 3175 recordati
1602 3102 1761 3198 possent,

452 3252 479 3293 ,‚
499 3203 602 3303 Quod
627 3203 733 3274 etiam
763 3223 858 3270 nunc
886 3200 921 3268 in
940 3200 1028 3270 locis
1048 3200 1225 3272 montanis
1244 3224 1315 3270 non
1335 3218 1434 3272 tanta
1450 3199 1534 3274 esset
1554 3199 1760 3273 simulacro·

450 3350 477 3391 „
497 3323 575 3371 rum
594 3301 710 3394 ¹copia
736 3321 840 3391 quam
859 3294 966 3382 alibi;
995 3297 1099 3395 „Quod
1115 3299 1149 3367 in
1169 3317 1307 3388 tantum
1328 3298 1538 3370 excrevisset
1558 3298 1760 3393 lmagi‘num

452 3443 478 3486 ‚‚
498 3418 686 3488 numerus,
720 3417 763 3467 ut
784 3392 807 3465 st
828 3394 951 3466 decem
969 3390 1108 3464 illarum
1129 3412 1269 3466 tantum
1289 3393 1381 3465 foeni
1402 3394 1476 3487 (c),
1502 3413 1761 3558 quantumsulna

769 3500 784 3511 ⁸
1627 3535 1655 3578 tr
1687 3509 1761 3565 Oet

512 3615 664 3679 aiolz
711 3618 869 3682 .b.se.

494 3617 546 3780 ibi
572 3637 731 3762 Flaminiis
746 3640 888 3765 inareiire
903 3702 976 3765 licet
992 3724 1051 3765 non
1067 3723 1163 3791 mque
1179 3700 1250 3763 adeo
1262 3699 1413 3785 pronesiae
1431 3694 1471 3768 δέ
1489 3695 1647 3781 decrepita*
1660 3699 1761 3760 atatis

452 3784 554 3861 viros,
587 3783 641 3870 qui
658 3783 718 3861 sua
741 3785 840 3847 adhuc
863 3789 1010 3849 memoria
1034 3808 1103 3848 eum
1119 3787 1261 3868 juniores
1277 3784 1369 3928 epioni
1386 3783 1445 3842 vix
1462 3778 1651 3858 centefimam
1668 3783 1760 3844 idolo·

452 3892 523 3931 rum
544 3882 667 3953 partem
691 3890 812 3949 eorum,
843 3893 908 3956 quae
931 3894 1011 3935 nunc
1028 3872 1125 3953 sunt,
1156 3871 1189 3931 in
1205 3884 1285 3951 temp
1300 3870 1326 3927 is
1343 3862 1498 3947 extitisse,
1515 3865 1608 3953 proba2
1626 3885 1759 3950 norunt,

451 3953 545 4017 fota
572 3973 600 4015 2.
616 3972 645 4014 a.
1548 3983 1550 3987 ·

493 3972 595 4117 (c)5„
615 4032 759 4113 Maiores
781 4035 863 4097 enim
880 4038 975 4100 nostri
991 4035 1079 4103 omni
1097 4034 1189 4098 lande
1206 4034 1288 4117 digni
1306 4033 1335 4097 ds
1351 4032 1581 4117 ptaestantiffimi
1597 4033 1759 4111 homines,

452 4121 664 4204 „imaginum
688 4117 743 4179 usu
762 4138 872 4199 magna
888 4138 925 4181 ex
944 4137 1027 4201 parte
1044 4133 1228 4196 caruerunt,
1253 4119 1528 4201 quamadmodum
1542 4122 1594 4180 vcl
1612 4117 1703 4180 hodie
1721 4118 1759 4179 il·

454 4250 474 4285 „
492 4204 597 4271 lorum
620 4202 735 4288 religio
752 4200 895 4285 testatur,
919 4204 977 4284 qui
990 4218 1175 4267 montanum
1190 4202 1351 4290 regionem
1367 4203 1522 4269 incolunt.
1560 4198 1664 4267 Nunc
1682 4201 1759 4263 verli

1642 4299 1762 4366 „tanta
