4442 5150
437 610 607 708 A.1524.
748 600 1426 684 RENOVATI.·'
1539 618 1552 640 ⁶
1677 642 1749 717 279

437 793 465 838 ‚,
485 740 699 814 manducare
725 737 966 826 voluerimus,
997 737 1072 833 jam
1101 736 1190 810 illud
1217 737 1351 813 necesse
1377 724 1467 834 erit,
1494 761 1535 817 ut
1563 743 1746 824 dexteram

434 892 462 937 ,‚
480 840 596 912 Patris
623 836 674 910 sui
702 835 846 909 deserat.
888 834 1033 930 Corpus
1061 834 1196 907 Christi
1223 836 1317 908 enim
1344 862 1416 911 non
1435 841 1496 912 nist
1518 867 1590 915 uno
1610 847 1644 916 in
1663 848 1745 922 loco
1773 864 1784 875 ”

434 989 463 1034 ,,
482 935 550 1009 elle
577 934 707 1033 potest.
752 934 933 1028 Deinceps
959 934 1088 1003 mirum
1119 931 1181 1004 nbi
1208 932 1320 1005 videti
1347 937 1514 1030 testatur,
1548 943 1644 1037 quod
1669 945 1745 1040 jam

435 1087 462 1131 ,‚
480 1032 630 1132 publica
647 1031 887 1128 disputatione
904 1029 1021 1100 secum
1041 1030 1213 1126 congredi
1233 1032 1366 1124 velint,
1395 1059 1477 1106 cum
1496 1057 1614 1113 tamen
1633 1041 1747 1116 Faber

433 1131 673 1229 „admodum
702 1153 816 1225 nuper
841 1149 960 1200 coram
992 1126 1219 1223 Ampliffimo
1246 1130 1418 1227 Tigurini
1438 1134 1585 1206 Senatus
1605 1140 1746 1214 Ordine

432 1231 594 1327 „palam
621 1227 768 1302 testatus
797 1226 861 1317 fit,
895 1249 1100 1320 nequaquam
1126 1232 1201 1320 ipfis
1227 1229 1342 1317 licere,
1370 1247 1408 1301 ut
1433 1257 1541 1305 corant
1559 1239 1654 1306 laicis
1671 1237 1743 1329 Ju.

431 1382 459 1424 ‚,
477 1330 603 1402 ditibus
632 1327 801 1423 disputare
825 1323 1031 1416 instituant:
1072 1317 1259 1396 Caetcrltm
1286 1349 1434 1417 monet,
1478 1329 1741 1423 Ampliffimum

431 1479 459 1522 ,‚
480 1425 652 1500 Senatum
679 1421 901 1520 Tigurinum
927 1421 968 1490 ad
989 1419 1143 1492 Eccium
1163 1421 1280 1494 literas
1298 1421 1428 1496 deurffe
1447 1426 1482 1500 ὃς
1502 1425 1633 1500 salvum
1653 1455 1742 1504 con·
1863 1496 1865 1502 .

431 1577 458 1619 „
478 1521 650 1615 ducrum,
676 1545 787 1618 eaque
803 1518 899 1616 typis
915 1515 984 1588 elle
1003 1517 1168 1615 vulgata,
1194 1542 1393 1616 quanquam
1411 1546 1450 1594 ea
1468 1522 1742 1601 diffimuletEc·

431 1674 459 1716 ‚,
479 1621 577 1714 cius,
611 1620 673 1717 qui
699 1621 780 1691 loca
807 1615 932 1687 utrivis
959 1617 1050 1710 parti
1079 1636 1157 1687 tuta
1183 1618 1278 1690 adire
1297 1642 1369 1689 non
1388 1621 1497 1714 velit,
1522 1647 1589 1697 nec
1606 1624 1742 1722 scripto

431 1772 460 1815 ‚‚
480 1718 675 1816 congredi,
708 1715 765 1789 sed
785 1715 868 1788 talia
886 1735 965 1810 quae
986 1710 1231 1804 securitatem,
1257 1739 1339 1786 cum
1360 1719 1457 1789 nulla
1477 1721 1539 1810 lit,
1565 1724 1741 1817 pollicen-

434 1866 461 1910 ‚‚
479 1834 559 1906 tur,
594 1813 614 1888 ai
639 1813 768 1913 quibus
795 1832 893 1885 totus
920 1808 1106 1881 abhorreat
1127 1809 1198 1905 ipse
1217 1811 1443 1910 Zwinglius,
1470 1820 1532 1914 qui
1552 1823 1601 1892 ita
1620 1818 1683 1893 sibi
1704 1823 1742 1896 &

434 1965 462 2010 ‚‚
482 1912 593 1986 verbo
621 1913 692 1985 Dei
719 1911 918 2006 periculum
939 1908 1123 1979 imminere
1141 1912 1357 2004 praevideat,
1384 1935 1583 2012 quanquam
1602 1939 1741 1990 cetero·

433 2064 459 2107 ,‚
504 2011 566 2084 uin
584 2033 685 2084 certo
706 2009 769 2082 fibi
787 1998 991 2104 persuadeat
1009 2005 1042 2078 se
1060 2006 1184 2077 divino
1201 2005 1341 2080 favente
1363 2011 1526 2087 Numine
1543 2013 1743 2089 dodlrinam

432 2161 459 2204 „
478 2032 573 2182 luam
591 2130 718 2182 contra
735 2130 859 2179 omnes
877 2105 989 2177 totius
1008 2105 1132 2175 mundi
1152 2104 1316 2177 dodlores
1335 2110 1406 2200 (a),
1435 2106 1458 2180 fi
1479 2110 1574 2184 illam
1595 2137 1741 2212 oppug.

433 2259 460 2301 „
479 2229 561 2281 nare
578 2208 714 2299 velint,
741 2201 925 2278 fortiffime
942 2199 1159 2273 adferturum
1179 2201 1257 2274 elle.
1284 2205 1356 2278 &o
1375 2206 1448 2279 δίε.

479 2304 549 2377 Sed
576 2305 643 2398 dc,
686 2303 861 2377 enarravit
888 2298 961 2397 ipse
988 2298 1314 2374 ZWlNGLlUS
1344 2320 1456 2375 totam
1485 2305 1577 2379 hanc
1602 2306 1753 2397 cansam¹

430 2420 509 2475 tum
528 2404 702 2498 temporis
720 2404 756 2472 in
774 2401 907 2496 scripto
925 2395 967 2469 ad
986 2398 1203 2470 Valentinum
1218 2401 1430 2494 Comparem,
1450 2402 1742 2502 Archigramma·

429 2519 527 2573 teum
547 2498 804 2591 Uraniensem‚
832 2498 927 2569 hunc
946 2495 982 2566 in
1001 2495 1170 2566 modum:
1191 2495 1245 2588 (b)
1264 2547 1291 2588 ‚‚
1313 2496 1467 2592 Eccius,
1487 2500 1628 2601 inquit,
1647 2503 1739 2579 duo·

429 2650 458 2692 ‚‚
478 2621 558 2669 tum
577 2597 741 2670 locorum
761 2596 940 2669 Lucernae
959 2593 1128 2666 nimirum
1147 2594 1184 2666 δι
1204 2594 1357 2666 Badenae
1376 2597 1562 2693 optionem
1582 2603 1741 2698 obtulit,

428 2745 457 2788 ‚‚
476 2693 518 2766 ad
537 2718 618 2792 quae
638 2694 726 2766 mihi
745 2695 983 2791 commigrare
1001 2714 1105 2786 quam
1125 2710 1244 2763 tutum
1263 2690 1393 2781 fuerit,
1414 2695 1481 2790 piis
1499 2699 1665 2773 omnibus
1677 2703 1739 2797 ju·

429 2791 666 2887 „dicandum
686 2792 870 2890 relinquo,
897 2814 980 2863 cunr
1000 2786 1101 2862 certi)
1120 2787 1223 2862 sciam
1241 2814 1314 2862 non
1331 2789 1740 2870 infimiordinisLucer·

430 2942 458 2985 „
476 2914 608 2964 nanum
626 2890 825 2990 quendam,
844 2888 1033 2985 aquodam
1053 2887 1097 2960 de
1114 2886 1210 2961 salvo
1221 2887 1405 2961 condudiu
1414 2889 1503 2963 niihi
1513 2892 1740 2990 exhibendo,

428 3040 456 3083 ,‚
472 2988 735 3087 bonaquefide
761 2987 929 3060 servando
956 2988 1241 3083 interrogatum,
1265 2986 1409 3061 dixille:
1438 2991 1498 3065 0!
1513 2997 1547 3087 st
1563 2998 1599 3065 in
1614 2993 1741 3090 nostras

427 3138 454 3180 ‚‚
472 3091 698 3163 tantummodo
715 3112 831 3159 manus
851 3087 955 3181 redigi
967 3086 1069 3177 postet
1087 3090 1160 3181 (mc
1177 3086 1345 3160 nimirum
1367 3088 1587 3187 intelligent)
1605 3096 1738 3184 nundin

427 3237 453 3279 ,‚
471 3192 567 3262 illum
592 3190 630 3261 de
656 3190 753 3261 vitiu
775 3184 832 3270 suo
859 3188 1089 3280 inquistturum
1115 3186 1272 3279 existimo.
1325 3186 1476 3259 Interim
1505 3208 1623 3261 tamen
1649 3214 1738 3261 con·

426 3335 453 3376 „
499 3284 626 3358 tellum
646 3310 728 3357 cum
752 3283 869 3354 Eccio
889 3304 1067 3377 nunquam
1087 3281 1231 3373 horrui,
1251 3285 1345 3375 imo,
1366 3309 1447 3357 cum
1468 3289 1574 3358 certis
1593 3287 1636 3358 de
1655 3308 1739 3359 cau·

426 3432 453 3472 ‚,
472 3308 536 3472 lis,
572 3384 608 3455 ὃ(
635 3402 783 3477 propter
801 3377 952 3476 praesens
972 3381 1171 3471 periculum
1192 3388 1249 3473 (ut
1268 3384 1378 3453 modo
1396 3381 1531 3453 didium
1551 3381 1618 3467 est)
1637 3380 1737 3453 obla·

428 3495 525 3569 „tas
553 3480 640 3548 mihi
669 3479 833 3551 civitates
858 3474 1123 3567 dettedlarem‚
1157 3497 1358 3550 metamcn
1384 3480 1440 3550 vel
1467 3479 1653 3571 Scapbustae
1679 3478 1739 3552 vel

427 3626 454 3669 ‚‚
474 3576 707 3650 Sanno-Gara·
735 3576 849 3648 Eccio
877 3571 1122 3669 responsurum
1149 3572 1285 3669 semper
1309 3575 1494 3669 pollicitus
1518 3571 1621 3646 sum:
1666 3575 1737 3652 Sed
1773 3611 1776 3618 ·

427 3724 455 3767 „
476 3669 616 3742 obstitit
631 3671 913 3766 prudentissimus
926 3674 1036 3768 Reip.
1047 3672 1241 3769 Tigurinae
1253 3671 1422 3761 Senatus,
1441 3668 1627 3745 ostendens
1636 3698 1739 3749 com·
1785 3681 1789 3689 '

427 3823 454 3866 ,‚
474 3770 573 3841 muni
602 3768 666 3838 illo
696 3771 949 3845 Helvetiorum
973 3768 1111 3843 foedere
1128 3771 1268 3860 caveri,
1294 3772 1433 3866 nequis
1450 3770 1487 3841 in
1504 3769 1658 3845 alienum
1678 3772 1737 3848 fo·

425 3922 453 3963 ,‚
472 3892 574 3956 rum,
608 3884 670 3937 aut
696 3887 857 3944 exterum
881 3873 940 3964 jus
967 3892 1059 3965 quen
1087 3892 1168 3940 uam
1198 3868 1344 3940 citando
1371 3868 1572 3964 pertrahat,
1608 3869 1665 3944 led
1691 3869 1740 3946 eo

426 4019 453 4062 ,‚
473 3968 545 4042 loci
566 3968 602 4037 in
620 3988 692 4062 quo
711 3987 788 4038 reus
806 3967 963 4062 habitat,
986 3970 1044 4065 jus
1062 3892 1162 4038 luum
1183 3963 1312 4063 finguli
1331 3966 1594 4067 persequantur.
1629 3970 1741 4044 Hanc

1626 4087 1738 4163 „rta-

470 4198 518 4273 (ι)
542 4194 605 4260 vid.
630 4187 851 4258 ZWlNGL.
876 4191 976 4277 Oper.
1000 4192 1105 4259 Tom.
1121 4192 1166 4257 11.
1189 4189 1249 4256 fol.
1266 4205 1338 4271 571.
1369 4233 1371 4240 ·

469 4279 520 4359 (b)
544 4280 608 4345 vid.
633 4274 855 4347 ZWlNGL.
876 4274 966 4361 Opp.
990 4275 1094 4343 Tom.
1112 4276 1142 4343 1.
1165 4275 1224 4343 fol.
1242 4292 1314 4363 ²30·
1332 4280 1364 4345 h.
1453 4287 1455 4291 ’
