4442 5150
450 593 565 721 35s'
642 567 1519 695 Histonrnnvnncnn‘rr
1598 610 1769 713 nant.

450 797 479 842 ‚,
499 749 630 822 stitutis
656 751 909 824 conscientiam
935 745 1118 840 ligarent,
1161 743 1430 838 concederequc
1452 742 1572 817 >consti
1599 743 1768 843 morunt,

454 894 482 938 ‚,
501 847 568 920 esse
595 847 710 920 doctri
822 845 1124 934 Daemoniorurn,
1159 844 1249 916 cibis
1276 842 1454 938 aliquibus
1482 843 1719 939 interdicere,
1746 847 1770 921 d

456 991 484 1035 „
504 946 689 1017 connubio
705 872 847 1039 Ure,
874 940 1032 1014 Axioma
1049 940 1140 1011 nihil
1159 961 1364 1013 moverunt.
1407 940 1457 1012 Et
1476 965 1541 1013 nos
1558 943 1769 1043 onimjnju.

455 1045 658 1133 „nandum
684 1041 773 1136 esse,
806 1039 1049 1138 precandum,
1076 1038 1114 1111 ὃ(
1133 1037 1227 1110 caste
1244 1037 1462 1128 vivendum,
1490 1039 1682 1113 docemus:
1708 1042 1770 1118 sod

456 1182 484 1230 „
504 1142 587 1236 quia
611 1139 773 1236 spiritum
794 1140 898 1230 dare,
927 1135 998 1208 fine
1017 1157 1091 1230 quo
1110 1137 1201 1207 nihil
1219 1136 1348 1207 horum
1367 1134 1462 1208 resse
1482 1135 1547 1228 sit,
1573 1160 1682 1212 nemo
1700 1141 1770 1218 nisi

456 1286 483 1328 ,‚
504 1237 668 1311 Christus
694 1236 837 1334 potest,
865 1258 937 1307 non
964 1232 1107 1328 possunt
1125 1234 1169 1306 de
1187 1235 1250 1326 iis,
1275 1235 1342 1305 alia
1360 1231 1468 1331 quim
1488 1233 1561 1331 ipsa
1578 1238 1770 1334 Scriptura

455 1380 483 1424 „
505 1335 631 1429 habet,
657 1335 701 1407 ab
724 1332 884 1408 Ecclesia
900 1331 1044 1431 quidem
1065 1331 1224 1424 Christi,
1250 1332 1539 1428 praeceptadari:
1567 1335 1770 1413 vivitenim

456 1478 485 1524 „
504 1433 564 1504 illa
591 1435 628 1508 &
655 1435 733 1528 agit
751 1432 872 1504 omnia
890 1428 1016 1527 spiritu
1035 1427 1150 1523 sponsl
1170 1428 1234 1502 sui.
1276 1429 1334 1501 nd
1353 1453 1435 1501 eum
1455 1431 1604 1503 modum
1623 1433 1660 1506 &
1679 1459 1790 1510 con·v

457 1547 560 1621 „tra
592 1534 771 1623 tertium,
813 1527 912 1626 quod
937 1551 1060 1600 omnem
1079 1545 1288 1623 peccatoram
1312 1533 1561 1622 expiationem,
1601 1547 1771 1630 ratumque

458 1676 487 1719 „
499 1629 625 1722 scalaris
649 1636 804 1702 meritum
830 1626 962 1722 Christo
988 1628 1046 1699 uni
1071 1629 1218 1718 tribuit,
1252 1627 1359 1698 iidem
1383 1626 1639 1722 'produxerunt
1665 1634 1770 1727 quic·

457 1725 590 1820 „quid
616 1727 789 1823 scriptum
814 1724 868 1798 est
893 1726 938 1795 de
964 1721 1068 1794 bonis
1094 1726 1294 1821 operibus,
1336 1725 1373 1800 ὃ(
1400 1722 1568 1819 promissa
1586 1727 1656 1798 illis
1669 1751 1769 1804 mer·

456 1872 486 1912 „
504 1824 611 1895 cede:
647 1823 703 1896 sed
731 1824 817 1895 dum
846 1822 1012 1894 evincere
1037 1824 1298 1918 nequiverunt,
1332 1821 1465 1917 aliquid
1494 1823 1601 1919 hujus
1627 1822 1771 1903 duobis

456 1967 484 2010 „
504 1918 593 2008 esse,
626 1920 682 1994 sed
711 1919 814 1991 fateri
837 1942 896 1991 eos
915 1920 1102 2011 oportuit,
1129 1922 1248 1992 omnia
1267 1918 1334 1992 esse
1351 1943 1461 2014 opera
1477 1918 1620 2016 spiritus
1640 1924 1714 1996 Dei
1732 1927 1772 1999 io

459 2065 488 2107 „
508 2017 634 2109 nobis,
665 2017 769 2088 nobis
787 2011 950 2115 gratuiti)
970 2017 1092 2087 donati
1104 2050 1117 2104 5
1146 2041 1260 2114 neque
1279 2018 1348 2090 hoc
1367 2017 1411 2090 ab
1431 2018 1480 2090 eis
1500 2021 1655 2093 Axioma
1672 2022 1772 2096 labe·

457 2159 486 2204 „
503 2111 625 2186 fasiari
653 2113 787 2210 potuit.
831 2113 1015 2206 Quartum
1043 2114 1208 2207 axioma,
1236 2115 1334 2211 quod
1356 2133 1453 2213 negat
1471 2115 1569 2209 posse
1584 2115 1772 2217 scripturis

457 2257 485 2301 ‚,
505 2213 672 2306 probari,
697 2217 832 2307 inpane
848 2211 1072 2306 Eucharistiae
1089 2214 1149 2306 effa
1166 2217 1304 2287 realiter
1322 2237 1435 2307 carpus
1453 2215 1601 2312 Christi,
1625 2240 1774 2316 oppug-

455 2354 485 2400 ,‚
505 2332 633 2383 narunt
659 2309 833 2401 saniores,
875 2309 938 2409 qui
964 2329 1096 2381 caetera
1122 2310 1312 2383 nobiscum
1341 2310 1493 2386 faciunt.
1536 2317 1774 2390 Protulerunt

456 2429 625 2499 „autem
652 2405 811 2505 primirm
838 2406 874 2479 id
902 2408 1108 2479 Dominum
1136 2408 1359 2506 promisisse,
1394 2404 1482 2482 ciam
1505 2410 1626 2500 dixit,
1660 2413 1773 2488 Panis

457 2554 486 2599 „
503 2531 596 2602 qaam
621 2531 675 2604 ega
699 2502 810 2601 daha,
843 2529 920 2580 cara
947 2529 1019 2578 maa
1045 2504 1121 2599 ast,
1158 2529 1221 2602 pra
1245 2510 1361 2583 mandi
1384 2514 1476 2582 vira.
1527 2506 1626 2586 Ciam
1651 2531 1772 2586 autem

456 2643 487 2696 „
507 2605 775 2700 ostenderetur,
808 2628 853 2677 eo
881 2605 954 2678 loci
981 2602 1168 2677 Christum
1195 2606 1240 2678 de
1265 2631 1309 2678 eo
1328 2631 1416 2702 pane
1433 2608 1556 2703 loqui,
1583 2634 1691 2707 quem
1709 2610 1773 2709 qui

456 2750 485 2795 ‚,
507 2702 605 2794 edit,
640 2704 745 2777 habet
764 2704 876 2776 vitam
897 2722 1091 2793 aeternam,
1117 2726 1191 2774 non
1210 2703 1254 2775 de
1271 2727 1362 2799 pane
1381 2704 1639 2802 Eucharistiae,
1665 2733 1775 2808 quem

458 2849 486 2895 „
504 2803 611 2875 multi
628 2802 761 2893 edunt,
787 2801 848 2897 qui
868 2801 904 2870 in
923 2819 1098 2872 aeternum
1116 2802 1203 2873 vitae
1223 2802 1296 2873 Dei
1313 2824 1478 2898 expertes
1494 2801 1598 2894 sunt,
1624 2807 1775 2905 objece-

458 2948 486 2991 ‚,
504 2921 589 2973 runt
616 2903 807 2997 vulgatum
834 2897 925 2970 illud
951 2902 1026 2972 Hoc
1049 2899 1093 2991 est
1121 2922 1233 2994 carpus
1253 2925 1380 2975 meum:
1414 2900 1472 2973 sed
1491 2902 1578 2976 dum
1597 2903 1662 2999 ipss
1682 2929 1775 3000 quo·

458 3044 486 3086 ‚,
505 3021 574 3091 que
600 2996 818 3088 faterentur,
848 3019 974 3093 panem
993 3020 1066 3067 non
1086 2996 1179 3069 idem
1199 2997 1298 3088 fieri,
1325 2998 1422 3094 quod
1441 3024 1574 3094 corpus
1593 3002 1773 3095 Domini,

459 3142 491 3186 ‚,
506 3092 622 3189 eoque
643 3118 716 3165 non
736 3091 1050 3191 simpliciter,sed
1070 3098 1232 3191 tropicas
1253 3096 1331 3167 haec
1351 3093 1459 3165 verba
1475 3096 1705 3193 accipienda,
1731 3120 1775 3173 ut

459 3241 488 3285 „
507 3193 686 3289 intelligas
714 3194 750 3263 in
776 3216 866 3288 pane
893 3216 1024 3285 corpus
1052 3193 1188 3265 Christi
1208 3190 1298 3286 esse,
1333 3215 1398 3264 nec
1417 3211 1535 3265 tamen
1555 3198 1650 3266 hunc
1668 3194 1773 3270 suum

458 3339 487 3383 „
507 3312 653 3387 tropum
675 3287 816 3387 possent
835 3291 1031 3385 Scripturis
1048 3293 1235 3379 evincere3
1264 3315 1336 3362 non
1352 3290 1772 3388 enimdixitDominus,

460 3439 489 3481 „
508 3397 544 3463 in
568 3395 647 3482 hac,
683 3388 738 3463 sed
765 3392 823 3463 hac
849 3390 891 3482 est
919 3412 1031 3485 carpas
1056 3414 1183 3463 meum:
1220 3388 1345 3462 relisso
1368 3387 1559 3463 nobishoc
1577 3391 1684 3483 loco,
1710 3395 1774 3465 ad·

456 3490 690 3580 „duxerunt
718 3488 827 3560 illud:
864 3489 973 3561 Panis
1001 3513 1093 3583 quam
1110 3488 1324 3585 frangimus,
1357 3492 1508 3584 nunquid
1525 3496 1775 3577 communicatio

461 3635 491 3675 ‚,
509 3593 649 3680 carparis
677 3588 804 3681 Christi
828 3587 900 3678 est?
933 3587 969 3658 ὅ(
989 3612 1033 3656 eo
1051 3584 1155 3657 vaide
1174 3585 1353 3658 fidebant:
1387 3584 1445 3658 sed
1464 3584 1550 3659 citns
1570 3588 1775 3685 responsum

459 3732 487 3774 „
507 3682 598 3773 suit,
634 3686 705 3756 fide
731 3688 766 3757 &
796 3684 898 3756 cultu
925 3684 1086 3755 constare
1110 3692 1272 3775 ννννωνίννν,
1308 3685 1344 3771 id
1365 3683 1439 3776 est,
1459 3683 1671 3771 ‘societatem
1691 3713 1775 3761 cor·

459 3827 487 3869 „
505 3781 602 3873 poris
626 3781 860 3879 &sanguinis
883 3782 1060 3873 Domini,
1088 3780 1180 3853 ficut
1195 3779 1325 3859 narraris
1345 3784 1622 3858 Daemoniorum
1643 3786 1774 3859 Paulus

457 3927 485 3969 „
505 3877 637 3948 ibidem
665 3902 794 3973 vocat,
829 3882 890 3977 qui
917 3882 953 3953 in
978 3881 1081 3953 cultu
1101 3879 1245 3952 aderant
1263 3880 1468 3975 idolorum,
1494 3883 1679 3957 vescentes
1692 3884 1774 3955 ido·

460 4025 488 4069 „
509 3975 683 4068 lathyris,
717 3977 755 4046 in
781 3980 910 4073 quibus
937 3999 1055 4051 tamen
1081 4002 1155 4050 non
1182 4000 1280 4051 erant
1305 3979 1487 4053 daemones
1509 3982 1773 4078 corporaliter;

459 4126 487 4167 „
507 4075 597 4145 nihil
624 4075 846 4166 habuerunt,
875 4077 972 4174 quod
1002 4077 1204 4166 objicerent
1222 4075 1363 4148 contri.
1409 4077 1480 4172 Ipsr
1500 4087 1639 4152 κοινωνίαν
1658 4098 1775 4151 verte·

458 4222 484 4266 „
504 4171 590 4247 bant
615 4174 899 4271 distributionem,
930 4171 976 4247 eo
994 4172 1095 4273 quod
1112 4174 1243 4252 Paukrs
1259 4173 1400 4281 alicubi,
1412 4178 1484 4251 hoc
1502 4179 1647 4253 nomine
1665 4197 1776 4252 vocat

529 4311 532 4320 ·
1603 4278 1776 4370 „socie-
