4442 5150
1186 399 1223 471 ,l

374 618 377 624 ,
729 569 739 586 ,
912 546 914 550 ·
1026 484 1150 622 tris
1604 578 1605 581 ψ

433 740 435 746 k
454 643 752 723 LUTHERUS
764 645 805 721 de
817 646 867 720 his
880 645 1009 744 nuptiis
1029 647 1074 723 ita
1094 649 1136 721 od
1159 648 1399 722 Amsd'orsiom
1427 645 1743 745 Epistoior.'1'om.'

453 744 500 815 11.
526 767 558 839 p.
579 747 660 839 456.
676 743 849 833 Carlliadii
864 751 971 839 nuptie
982 751 1063 816 mire
1076 748 1309 840 placeremus
1320 748 1478 839 puellam,
1501 748 1648 838 confortet
1661 772 1735 817 euru

454 845 612 910 Dominus
624 843 657 909 in
668 839 780 910 bonum
798 842 975 933 exemplum
987 839 1157 912 inhibenda
1174 843 1214 916 ὠ*
1226 840 1394 909 minuenda
1408 839 1563 932 Papistice
1575 840 1738 931 libidinis,

454 942 571 1006 Amen.
597 937 832 1028 Munusculnm
846 961 951 1007 meum
963 936 1197 1032 ipseseramsuo
1209 956 1341 1031 tempore
1352 931 1416 1032 post
1434 934 1572 1029 Pascha:

1005 1122 1179 1199 introitus.

503 1216 603 1292 Dixit
614 1218 774 1295 dominus
788 1220 901 1309 Deus,
922 1223 1050 1296 nonest
1062 1219 1197 1296 bonu-m
1209 1216 1459 1297 hominemess'e
1471 1219 1608 1312 solunt,
1629 1215 1754 1292 facio-1

454 1335 532 1387 tuus
548 1313 582 1387 ei·
591 1315 797 1390 adiutorium
817 1316 924 1387 simile
935 1316 997 1391 sui.

780 1410 919 1483 Versus.

501 1502 690 1579 Adherebit
702 1505 922 1673 Ιιοηιὸιιιιριί
934 1501 1017 1599 sue,
1042 1504 1273 1599 &etuntduo
1285 1506 1319 1580 in
1334 1529 1433 1583 came
1450 1529 1531 1582 uno.
1566 1548 1579 1585 (ι

818 1621 912 1673 tatto.

503 1692 603 1767 Deus
621 1694 683 1788 qui
701 1693 775 1788 post
790 1713 860 1766 tam
874 1695 931 1767 lon
957 1718 1010 1767 am
1028 1693 1066 1769 &
1080 1693 1223 1794 impiam
1232 1698 1442 1772 sacerdotum
1456 1705 1596 1769 tumtum
1609 1693 1732 1769 cecita-

457 1807 542 1878 tem,
565 1789 707 1882 Beotum
724 1793 894 1861 Andream
913 1717 1188 1867 &garotomdium
1199 1816 1236 1866 ea
1248 1795 1353 1901 gratia
1367 1793 1491 1866 donare
1505 1789 1728 1882 dignatuses,

454 1904 493 1957 ut
504 1895 650 1981 primus,
672 1881 765 1955 nulia
779 1882 891 1955 habita
915 1884 1072 1981 Papistici
1089 1882 1183 1982 juris
1199 1909 1341 1976 merone,
1362 1910 1507 1962 uxorem
1526 1887 1652 1957 ducere
1668 1907 1729 1955 au·

380 2046 384 2053 .
455 1977 511 2050 sus
524 1978 642 2062 fucrit,
671 1979 725 2050 Do
742 1980 943 2074 quesumus,
973 1999 1012 2055 ut
1029 2002 1147 2055 omnes
1164 1983 1359 2057 Sacerdotes
1379 2000 1511 2078 recepta
1527 1981 1602 2053 sana
1617 1997 1730 2050 mente

457 2075 530 2171 ejus
549 2072 689 2170 vestigia
710 2074 899 2171 sequentes,
919 2074 1033 2175 ejediis
1051 2075 1256 2151 concubinis
1269 2100 1327 2152 aut
1338 2079 1463 2150 eisdem
1475 2073 1608 2165 dusiis,
1626 2071 1729 2158 adies

457 2168 568 2268 gitimi
579 2167 789 2241 consortium
804 2168 915 2262 thori,
941 2194 1207 2261 convertantur,
1227 2171 1483 2247 Perdominum
1498 2169 1667 2244 nostrum.

917 2265 1072 2359 Epistola
1081 2269 1122 2342 ad
1135 2269 1174 2339 T
1175 2269 1212 2339 it.
1239 2290 1267 2340 ι.

503 2355 650 2430 Charisi.
678 2359 795 2457 Hujus
820 2359 866 2430 rei
884 2359 989 2456 gratia
1012 2358 1134 2457 reliqui
1159 2381 1191 2432 te
1208 2362 1348 2452 Cretae,
1375 2385 1414 2437 ut
1437 2387 1478 2436 ea
1499 2385 1580 2457 quae
1606 2357 1728 2432 desunt

454 2451 543 2524 corri
569 2476 618 2536 as,
642 2452 872 2525 &constituas
884 2477 943 2559 per
959 2452 1110 2527 civitates
1125 2453 1368 2551 Presbyteros‚
1392 2453 1728 2552 sicut&egodispo·

454 2475 594 2637 scrinii,
616 2547 651 2620 Si
669 2550 746 2645 quis
758 2548 825 2620 fine
846 2546 987 2620 crimine
1000 2546 1164 2632 est,unius
1177 2548 1294 2621 uxoris
1305 2549 1374 2639 vir,
1399 2551 1489 2627 filios
1504 2549 1628 2621 habens
1642 2544 1728 2619 fide·

452 2640 515 2732 les,
540 2667 608 2715 non
632 2641 666 2713 in
691 2644 902 2718 accusatione
930 2642 1101 2734 luxuriae,
1122 2663 1266 2716 autnon
1289 2642 1454 2720 subditos.
1502 2645 1665 2739 Oportet.
1689 2664 1725 2715 n.

453 2736 666 2834 Episcopum
686 2737 752 2810 fine
775 2739 915 2813 crimine
935 2737 1001 2811 esse
1020 2737 1104 2814 ficut
1125 2739 1191 2813 Dei
1208 2738 1491 2837 dispensatorem,
1519 2759 1593 2810 non
1609 2741 1730 2833 super·-

453 2830 564 2922 bum,
591 2857 664 2904 non
677 2831 900 2919 iracundum,
923 2858 991 2907 non
1020 2833 1260 2925 vinolentum,
1283 2858 1353 2907 non
1387 2835 1632 2933 percussorem,
1657 2852 1733 2903 non

453 2927 561 3023 turpis
575 2926 661 3000 lucri
673 2928 855 3023 cupidum,
875 2928 1157 3024 sedhospitalem,
1173 2929 1377 3028 benignum,
1398 2932 1566 3018 sobrium,
1583 2925 1728 3021 justum,

453 3020 629 3112 sancium,
650 3023 899 3110 continentem,
922 3022 1184 3120 ampsestentem
1208 3049 1288 3097 eum
1308 3025 1374 3121 qui·
1388 3025 1579 3100 secundum·
1599 3018 1744 3109 doceri-2

451 3141 530 3189 natu
545 3117 610 3205 est,
630 3116 766 3189 fidelem
790 3117 993 3208 sermonem,
1018 3141 1055 3193 ut
1075 3142 1199 3215 potens
1211 3120 1250 3194 fit
1265 3121 1438 3193 exhortari
1460 3124 1492 3193 in
1508 3113 1663 3190 dodirina
1680 3110 1729 3186 sa·
1858 3134 1863 3142 ·

446 3234 516 3299 na,
538 3212 715 3318 &eosqui
734 3213 972 3286 contradicunt
986 3236 1146 3311 arguere,
1170 3224 1258 3287 Sunt
1275 3216 1365 3286 enim
1384 3216 1484 3287 multi
1496 3213 1595 3286 etiam
1610 3206 1731 3293 inobev

453 3306 580 3379 dientes
597 3308 776 3412 versiloqui
802 3309 838 3379 ὃ(
867 3307 1079 3396 seducentes,
1100 3309 1216 3403 quide
1241 3309 1497 3383 circumcisione
1514 3306 1613 3391 sunt,
1635 3324 1731 3396 quos

453 3420 588 3492 oportet
607 3401 781 3499 redargui,
802 3400 863 3495 qui
880 3401 1053 3475 universas
1074 3403 1200 3477 domos-
1222 3402 1448 3495 subvertunt,
1469 3404 1732 3494 docentesque

454 3514 524 3566 non
540 3515 674 3588 oportet
689 3498 798 3594 turpis
811 3497 896 3567 sueti
917 3497 1034 3596 gratia.

762 3592 947 3667 Graduale.

483 3679 602 3788 ‘Ecce
614 3680 658 3788 fic
677 3680 898 3762 benedicetur
917 3688 993 3760 viro
1018 3685 1084 3783 qui·
1100 3688 1196 3763 timet
1211 3685 1403 3764 dominum.
1455 3688 1561 3765 Uxor
1572 3704 1631 3759 tue
1643 3678 1736 3756 sicut

454 3796 534 3851 tutu
546 3774 721 3849 frumfera
735 3781 771 3852 δι
786 3782 910 3947 fill'iiltui
923 3784 1008 3857 sicut
1025 3786 1177 3881 germina
1188 3787 1372 3859 olivarum.

769 3879 929 3949 Aeuia.

500 3966 678 4062 Alleluia,
693 3969 733 4043 In
753 3969 940 4047 novistimis
960 3995 1028 4049 tem
1098 3971 1175 4048 ibus
1190 3973 1359 4051 discedent
1379 3973 1519 4074 quidam
1535 3972 1653 4064 sude,
1676 3992 1727 4048 ot·

1072 4089 1098 4170 3
1519 4142 1522 4147 ,
1655 4090 1730 4143 ten·

847 4394 852 4403 ι
858 4355 931 4448 K}
901 4415 951 4443 'qr
961 4421 963 4427 Ι

901 4447 969 4470 usne·

940 4498 943 4505 ι
965 4487 993 4530 1...
