4442 5150
317 739 322 748 .
450 649 524 783 354⁶
639 666 1514 772 H1sron1aavnuonnrr
1597 667 1767 770 napa.

449 863 478 906 ‚,
496 812 616 902 itaque
641 806 783 879 axioma
810 802 883 895 (a),
925 797 1023 897 quod
1050 800 1144 871 inter
1169 818 1325 889 caetera,
1361 799 1529 892 Christum
1553 805 1687 872 unicum
1702 801 1768 897 effe

451 958 480 1002 „
497 911 631 997 ecclestae
665 921 764 998 caput
796 899 937 989 asserit,
980 896 1221 995 Berchtoldus
1258 897 1426 969 Hnllerus
1452 895 1635 992 scripturis
1662 923 1767 975 com·

366 1076 369 1080 ,
453 1006 680 1100 „munitum
713 996 916 1071 adversariis
952 1018 1016 1090 per
1050 993 1251 1092 scripturas·
1276 994 1325 1088 (li
1353 992 1517 1088 possent)
1550 997 1770 1094 impugnan.

453 1155 481 1196 „
499 1102 585 1174 dum
612 1097 791 1194 exposuit.
834 1092 975 1180 Pvdiit
992 1092 1158 1186 tandem,
1185 1116 1267 1166 cum
1287 1093 1331 1165 ab
1350 1091 1518 1165 omnibus
1536 1089 1609 1167 fere
1626 1096 1702 1190 illi,
1728 1118 1772 1174 ut

452 1251 481 1295 „
499 1199 588 1271 nihil
611 1199 733 1268 aerius
758 1191 837 1285 cst,
869 1188 1037 1263 assensum
1063 1189 1176 1283 esset,
1210 1196 1354 1287 Aleaiur
1382 1192 1479 1263 Grad
1505 1192 1772 1290 Dominicalia,
1835 1218 1840 1230 ’

454 1318 578 1393 „tum
616 1295 832 1367 Nonnarum
867 1291 942 1361 illic
970 1288 989 1360 ὲ
1017 1287 1318 1382 confessionibus,
1363 1289 1401 1362 δι
1429 1287 1605 1385 quidquid
1631 1294 1772 1389 uspiam

453 1447 482 1490 „
501 1395 701 1492 Scripturae
735 1391 781 1463 de
813 1390 1019 1486 dignitate,
1062 1387 1121 1460 vel
1155 1387 1283 1481 Petri,
1326 1388 1386 1459 vel
1412 1386 1675 1484 Apostolorum
1705 1392 1770 1465 ha-

453 1532 482 1607 „
500 1492 609 1582 beot,
645 1493 695 1562 in
709 1490 781 1562 hoc
808 1485 1004 1585 produxit,
1039 1506 1081 1558 ut
1099 1482 1292 1583 probaret,
1317 1482 1538 1558 Pontificem
1557 1488 1772 1566 Romanum

453 1642 481 1688 „
500 1609 609 1686 caput
638 1586 822 1661 Ecclesrae
840 1582 1061 1677 habendum.
1096 1580 1222 1679 Quam
1247 1578 1336 1655 verb
1362 1581 1490 1655 dextre
1508 1584 1588 1658 haec
1608 1586 1646 1659 &
1663 1587 1773 1678 forti·

435 1728 481 1786 ·„
501 1709 578 1778 ter,
604 1689 662 1760 vel
682 1687 766 1759 hinc
784 1684 871 1757 licet
888 1681 1001 1755 leesor
1018 1681 1204 1754 conicias.
1248 1682 1376 1776 Caphar
1392 1680 1537 1755 dicebat
1554 1681 1588 1756 se
1605 1683 1642 1755 in
1661 1709 1772 1759 voca·

453 1838 482 1882 „
499 1785 646 1858 bulariis
671 1781 818 1881 legisse,
851 1797 950 1874 caput
977 1707 1203 1875 lignilscare,
1238 1780 1351 1876 igitur
1376 1780 1522 1854 Petrum
1545 1797 1646 1874 caput
1669 1781 1783 1865 fuisse,

452 1936 481 1980 „
502 1882 701 1975 Ecclefiae,
736 1900 842 1976 quem
866 1877 995 1972 Caphar
1014 1877 1198 1951 Dominus
1215 1876 1514 1974 cognominasset.
1556 1878 1598 1952 N
1603 1902 1651 1951 on
1670 1883 1774 1956 vide·

454 2000 555 2077 „rat
581 1982 704 2069 enim,
748 1975 847 2074 quod
874 1973 947 2072 ipse
973 1973 1224 2072 Evangelista,
1260 1977 1389 2071 Caphar
1408 1992 1543 2072 petram
1571 1975 1777 2076 fignificare

453 2076 648 2175 „testatus
674 2073 739 2148 est.
781 2071 941 2146 Eandem
969 2072 1050 2168 post
1078 2074 1176 2146 hunc
1203 2074 1410 2148 cantionem
1437 2076 1647 2150 cecinerunt
1691 2101 1774 2153 aro·
1815 2130 1825 2165 χ

453 2223 483 2273 ,,
501 2175 590 2248 chus
608 2173 725 2247 Cellae
744 2171 918 2262 Abbatis,
943 2166 1138 2246 admodum
1157 2172 1315 2264 vocalia,
1334 2100 1775 2273 &cedereueronelbium
1825 2170 1829 2187 '

453 2326 483 2370 „
501 2295 543 2345 ac
563 2273 621 2344 alii
641 2271 798 2369 quidam.
841 2269 912 2344 Sed
931 2268 1017 2355 dum
1037 2269 1226 2366 Scriptura
1242 2269 1366 2369 aperte
1384 2267 1476 2344 adei>
1491 2270 1647 2347 summos
1664 2276 1776 2352 etiam

452 2371 538 2470 „in
566 2369 748 2460 Ecclesia,
784 2366 840 2460 (bc
865 2368 1080 2441 nominatim
1100 2368 1314 2464 Cepham,)
1342 2367 1483 2444 nostros
1499 2367 1567 2444 else
1583 2368 1776 2469 adfirmat,

452 2523 482 2568 ‚,
500 2493 566 2542 nos
583 2465 673 2541 verb
692 2466 852 2558 Christi,
871 2491 946 2540 non
964 2465 1136 2558 illorum,
1156 2465 1375 2562 plantantem
1394 2469 1775 2643 quoque&ripantem

454 2566 594 2666 „nihil
617 2565 707 2661 else,
734 2563 840 2641 facile
859 2564 951 2640 tueri
970 2561 1063 2657 fuit,
1089 2588 1203 2639 unum
1223 2564 1410 2641 Christum
1429 2566 1607 2644 Ecclesiae
1639 2595 1696 2662 uae
1715 2587 1776 2645 ca‘·

454 2717 483 2765 „
501 2685 570 2764 put
587 2664 678 2759 esse,
704 2663 726 2738 ὲ
742 2688 818 2762 quo
835 2660 911 2738 solo
928 2663 1101 2737 nimirum
1118 2666 1397 2761 regeneratur&
1410 2664 1656 2763 gubernatur,
1675 2671 1777 2745 nulli

453 2820 483 2866 ,‚
503 2765 667 2839 creatura
692 2766 886 2861 quicquam
912 2760 1100 2859 potestatis
1118 2761 1156 2838 in
1174 2762 1310 2842 animos
1334 2760 1558 2858 sanetorum,
1585 2770 1684 2863 (qux
1702 2767 1778 2845 fola

454 2918 483 2961 „
501 2861 586 2938 vere
604 2861 795 2960 spiritualis
811 2860 992 2952 dicitur,)
1019 2859 1194 2953 habente,
1213 2861 1287 2936 &ci
1313 2861 1416 2937 Dum
1431 2860 1520 2936 veri>
1538 2862 1604 2938 ista
1618 2863 1775 2949 trecken·
1850 2933 1856 2944 .

454 3016 483 3059 „
503 2981 588 3051 tur,
622 2959 767 3032 advenit
792 2954 971 3056 fregerius
997 2958 1235 3033 provincialia
1261 2954 1635 3056 Augustinian'urum,
1670 2985 1779 3040 vetus

453 3113 483 3156 ,‚
501 3055 622 3130 noster
638 3053 883 3153 antagonista,
901 3079 1019 3151 neque
1036 3056 1380 3147 excitusconvitiia,
1398 3074 1443 3128 ut
1451 3056 1678 3154 nugivendus
1690 3059 1777 3157 ille,

452 3212 481 3255 „
499 3155 585 3251 Joh.
604 3154 825 3246 Cochlaeus,
845 3155 881 3226 in
896 3152 1060 3251 Epistola
1076 3155 1137 3228 sua
1153 3149 1333 3228 vaniffima
1349 3151 1494 3250 sparsit.-
1512 3150 1708 3234 Namclnn
1723 3158 1774 3234 V.

453 3307 482 3355 „
502 3253 688 3352 Capito&
700 3276 793 3350 ego,
802 3254 887 3349 saint
895 3256 1000 3328 uerba
1010 3257 1156 3348 Bucari,
1176 3252 1292 3350 pridie
1303 3249 1410 3349 quim
1420 3249 1591 3348 disputari
1602 3273 1775 3351 coeptum

425 3436 427 3439 Α
453 3393 482 3453 ,-,
500 3352 608 3444 esset,
627 3352 648 3426 d
667 3350 853 3426 clarissimo
872 3353 1081 3434 Bernatium
1101 3353 1234 3427 Senatu
1252 3350 1465 3444 orassemus,
1483 3370 1525 3424 ut
1543 3348 1663 3425 denub
1676 3355 1775 3430 hunc

453 3485 481 3549 ς,
503 3453 538 3526 &
571 3454 771 3529 Murnerum
795 3472 988 3545 vocarent,
1015 3451 1185 3525 miserant
1200 3450 1238 3522 hi
1255 3450 1456 3541 continuo,
1484 3452 1548 3546 qui
1566 3451 1659 3525 nihil
1675 3457 1778 3549 priua

454 3604 482 3649 ‚,
502 3550 701 3647 habebant,
735 3547 845 3649 quim
871 3548 1106 3649 disputationi
1125 3548 1195 3625 suae
1214 3544 1389 3622 accersere
1408 3547 1592 3647 quoslibet
1611 3555 1774 3724 nomipp·

1642 3703 1669 3745 ,‚
1687 3671 1716 3723 tr
1757 3689 1774 3708 ·

498 3842 548 3923 (a)
574 3841 672 3907 Hunc
696 3844 726 3905 in
752 3844 889 3910 modum
912 3842 1016 3908 Mart.
1035 3837 1271 3908 BUCERUS
1296 3844 1326 3909 in
1343 3839 1403 3927 Ep.
1421 3844 1609 3911 dedicatoria
1626 3848 1649 3909 l.
1665 3867 1694 3910 c.
1713 3846 1777 3911 fol.

456 3924 529 3993 218.
553 3926 681 3990 brevem
699 3929 786 3992 nobis
804 3930 896 4012 hujus
914 3926 1138 4013 Disputationis
1155 3926 1315 3993 summam
1332 3928 1519 4007 delineavit;
1544 3929 1608 3995 Cui
1626 3929 1773 3994 freonfe-

455 4027 562 4080 rantur
588 4009 671 4080 Aua
696 4013 822 4097 publica
835 4012 1019 4079 audioritate
1035 4028 1104 4076 tum
1123 4012 1221 4092 edita,
1246 4011 1357 4094 hisque
1372 4014 1504 4082 addatur
1521 4012 1546 4077 E
1572 4015 1661 4079 istola
1677 4014 1693 4075 d
1709 4012 1776 4095 Ja-

456 4098 522 4161 cobo
547 4094 797 4178 Monasterimsa,
829 4097 1010 4178 sacrificulo
1034 4093 1255 4175 Solodarienſs,
1286 4096 1342 4177 qul
1364 4096 1481 4162 achoni
1506 4037 1614 4165 illistam
1634 4098 1775 4165 interfuit

454 4182 614 4267 scriptaad
632 4181 869 4269 sigismundum
878 4173 1052 4246 Trudanem
1062 4177 1535 4279 Canonicuthopnntinum,
1558 4199 1656 4265 quarn
1671 4186 1714 4246 ob
1731 4185 1777 4249 rei

453 4268 643 4334 memoriam
659 4267 730 4329 huic
742 4262 911 4328 volumini
928 4263 966 4329 N
969 4261 1183 4332 umxxrv.
1206 4263 1447 4353 subjunximus,
1463 4264 1558 4335 facili
1572 4266 1661 4335 nobis
1676 4267 1777 4336 totius

453 4353 548 4437 hanua
565 4350 669 4420 Atius
686 4346 873 4416 solennioris
888 4347 1027 4417 formare
1042 4348 1217 4436 poterimus
1235 4365 1442 4435 conceptum.
