4442 5150
413 636 580 732 nmo
750 623 1390 712 nnunvart
1638 592 1720 734 ,q

409 814 439 856 „
458 766 614 850 ciamus,
648 759 815 848 Fratres,
845 754 1116 827 aestimationem
1142 751 1382 830 sanslimoniae
1400 782 1484 835 cum
1503 777 1608 836 tanto
1622 766 1717 860 peri·

410 911 438 953 „
459 861 555 932 culo.
590 856 654 929 Est
683 856 720 929 ὃ(
748 856 783 925 in
801 853 976 948 conjugio
995 852 1238 945 continentia,
1262 877 1345 950 quae
1363 857 1518 930 multum
1537 860 1622 933 Deo
1639 861 1716 957 pla·

411 1007 441 1051 „
459 977 530 1030 cet.
572 952 790 1026 Fuerunt&
810 950 1003 1046 Prophetae
1022 950 1060 1030 δε
1080 948 1250 1044 Apostoli
1268 951 1456 1046 conjugati
1475 953 1513 1029 δι
1532 956 1718 1031 nihilomi.
1785 954 1787 961 '

409 1105 439 1146 „
458 1077 524 1126 nus
549 1052 587 1123 in
612 1047 809 1121 ministerio
835 1046 936 1119 verbi
951 1042 1221 1142 diligentiffimi.
1241 1045 1489 1145 conjugium
1507 1072 1579 1124 non
1597 1054 1718 1152 perdit

409 1201 439 1245 „
458 1147 675 1238 sacerdotes,
702 1145 759 1218 sed
778 1145 940 1241 ignavia,
964 1166 1065 1215 amor
1082 1143 1238 1234 ventris,
1263 1167 1305 1218 ac
1323 1165 1440 1219 metus
1456 1149 1586 1221 crucis.

458 1299 488 1340 „
506 1244 666 1341 Idipsum
693 1244 798 1315 etiam
822 1240 988 1313 sentimus
1006 1238 1050 1313 de
1068 1239 1267 1337 virginibus
1284 1241 1502 1335 coenobitis,
1527 1267 1609 1342 quae
1626 1269 1719 1320 non·

412 1396 442 1437 „
461 1365 642 1440 nunquam
661 1340 744 1436 quia
756 1357 932 1431 uruntur,
949 1331 1570 1434 inpessmastentationneincidunt:
1590 1343 1720 1440 quibus

410 1491 438 1533 ‚,
456 1439 542 1513 esset
564 1438 669 1511 satius
691 1437 846 1524 nubere,
872 1457 945 1508 non
963 1431 1126 1507 obstante
1144 1431 1254 1508 stulto
1272 1437 1309 1510 dt
1327 1435 1465 1511 infideli
1479 1457 1569 1513 voto
1578 1470 1592 1526 5
1618 1441 1719 1538 quod

411 1589 440 1630 ,‚
458 1561 524 1611 nec
549 1537 661 1634 ligat,
694 1542 761 1606 nec
784 1529 807 1606 d
830 1533 915 1604 Deo
940 1529 1172 1626 approbatur.
1205 1531 1351 1606 Etenim
1368 1534 1432 1609 ubi
1450 1535 1488 1607 in
1503 1536 1574 1610 illis
1591 1537 1718 1634 irrepit

410 1685 439 1728 „
459 1652 557 1707 tanta
575 1628 796 1729 hypocrifis,
814 1625 1040 1724 periclitatur
1060 1626 1164 1701 fimul
1182 1646 1260 1702 tota
1278 1627 1435 1727 ipsorum
1452 1632 1516 1705 reli
1545 1634 1603 1727 io,
1620 1657 1718 1708 ama·

413 1783 442 1824 „
458 1730 634 1826 rescitque
659 1751 766 1801 omne
791 1723 889 1823 quod
915 1742 1018 1796 antea
1042 1723 1150 1798 dulce
1176 1726 1212 1798 in
1239 1725 1408 1800 Christo:
1444 1729 1483 1804 &
1529 1753 1631 1804 urum
1651 1730 1718 1823 fit,

414 1880 442 1921 „
460 1827 556 1996 puod
583 1847 684 1900 antea
711 1826 789 1897 leve
814 1841 890 1895 erat
909 1822 1056 1920 jugum.
1099 1822 1184 1896 Nos
1207 1820 1287 1922 saud
1306 1825 1551 1923 virginitatem
1570 1830 1736 1914 maximi,

412 1975 442 2018 „
475 1926 629 2017 acimus,
645 1922 704 1997 sed
721 1918 866 2012 fretam,
886 1919 970 1991 Deo
987 1918 1265 1992 abominabilem
1282 1919 1422 1996 scimus.
1451 1922 1557 1999 Abfit
1574 1945 1716 2018 autem,

412 2073 440 2116 „
457 2040 499 2095 ut
525 2042 674 2119 propter
698 2016 909 2114 temporalia
923 2015 1038 2109 bona,
1063 2034 1163 2090 tanta
1178 2015 1297 2090 salutis
1314 2020 1554 2095 commoditas
1570 2025 1718 2096 omitta-

413 2172 442 2215 „
460 2140 531 2193 tur.
571 2120 711 2193 Utilius
736 2116 868 2206 fucrit,
903 2136 1074 2209 pauperes
1099 2114 1138 2188 &
1164 2114 1389 2191 continentes
1411 2119 1449 2190 in
1466 2119 1721 2214 matrimonio,

414 2268 440 2310 „
459 2215 566 2313 quim
591 2216 718 2288 divites
737 2218 772 2286 in
791 2212 895 2285 foedo
912 2210 1089 2283 coelibatu
1106 2209 1187 2283 esse.
1220 2214 1384 2287 Potetint
1400 2215 1633 2290 nihilominus
1650 2215 1719 2288 bo·
1800 2246 1803 2253 ·

414 2337 504 2408 „na
530 2312 773 2386 ministrorum
801 2310 921 2382 omnia
946 2305 1017 2380 esse
1040 2308 1271 2401 communia,
1296 2312 1538 2385 communiter
1552 2310 1723 2387 ali'libeti

413 2461 443 2503 „
460 2412 497 2483 δε
515 2433 669 2499 uxores,
694 2409 731 2480 dt
750 2407 801 2480 sui
819 2406 1018 2502 quibusque
1036 2403 1178 2501 injungi
1196 2402 1344 2477 labotes.
1386 2404 1572 2499 Demltm,
1596 2409 1634 2480 in
1650 2410 1720 2483 mi·

413 2558 441 2600 „
460 2501 574 2577 nisttis
602 2500 716 2579 Verbi
740 2502 876 2579 etiamst
902 2501 1017 2576 desint
1042 2499 1259 2598 dignitatum
1288 2500 1390 2576 tituli
1415 2503 1453 2578 &
1478 2504 1631 2602 gradus,
1656 2506 1721 2603 qui

412 2654 441 2697 „
458 2600 669 2701 Papislicam
690 2626 859 2700 pompam
879 2603 915 2675 ὅ(
935 2598 1062 2671 fastum
1080 2598 1199 2670 olent:
1226 2598 1317 2670 nibil
1336 2600 1507 2695 periculi:
1531 2600 1720 2679 finrmodo

412 2753 442 2797 „
461 2702 522 2797 qui
540 2700 708 2799 praefint,
736 2703 772 2775 ὅ(
792 2703 854 2796 qni
872 2696 1093 2772 ministrent:
1122 2693 1189 2769 stnt
1206 2693 1428 2789 visitatores,
1446 2697 1602 2795 quialids
1612 2701 1720 2794 Epis·

412 2852 441 2894 „
460 2800 566 2897 copi:
595 2798 661 2872 srnt
681 2795 904 2872 Ecclefiastae
923 2797 987 2893 qui
1004 2791 1089 2867 alias
1107 2791 1385 2889 praedicatores,
1408 2795 1446 2871 ἃ
1463 2793 1614 2869 ministri
1625 2796 1722 2871 Ver·

414 2947 442 2991 „
461 2895 519 2968 bi:
549 2895 716 2986 dotalii,
742 2896 804 2991 qui
821 2894 940 2965 adbuc
957 2891 1190 2982 erudiuntur,
1213 2889 1403 2988 discipuli:

461 3047 489 3088 ,‚
508 2992 602 3087 Quis
629 3014 748 3067 autem
767 2992 894 3064 modus
911 2987 1126 3063 in'docenda
1143 2989 1248 3081 plebe
1264 2987 1452 3064 servandus
1470 2988 1535 3081 srt,
1559 2988 1721 3068 nostrum

413 3144 441 3185 „
460 3092 598 3165 nonest
614 3088 1032 3188 praescribeteregulam:
1052 3082 1237 3178 moddea,
1255 3097 1336 3258 pud
1346 3089 1388 3161 ad
1401 3086 1509 3162 fidem
1520 3088 1721 3163 &charita-

414 3242 442 3283 „
461 3210 533 3263 tem
549 3189 710 3280 faciunt,
728 3189 945 3259 doceantur:
966 3188 1053 3258 item
1064 3208 1147 3256 cum
1163 3187 1262 3258 humi
1279 3188 1411 3261 itate&
1422 3186 1594 3283 patientia
1605 3188 1723 3258 crucis

414 3338 442 3378 „
460 3290 777 3361 commendentur:
805 3283 1012 3380 apocrypha
1028 3283 1208 3355 vitentur:
1235 3284 1470 3359 contentiosae
1487 3286 1594 3357 etiam
1609 3283 1645 3354 δι
1657 3269 1734 3353 cu·x

415 3432 444 3473 „
463 3384 561 3455 riosae
581 3383 816 3482 quaestiones,
841 3405 885 3452 ex
905 3380 1034 3476 quibus
1052 3378 1141 3449 tixae
1161 3380 1199 3452 dt
1216 3381 1297 3451 odia
1314 3406 1353 3451 ac
1374 3381 1492 3451 sallus.
1518 3379 1624 3449 Unus
1642 3376 1721 3449 sco·

416 3529 443 3572 „
463 3502 527 3573 pus
557 3479 622 3570 srt,
657 3482 810 3576 gloriam
839 3474 976 3551 Christi
993 3472 1187 3572 magnific&
1206 3475 1428 3570 praedicare,
1448 3476 1487 3548 &
1504 3475 1598 3543 viam
1618 3474 1723 3545 inno·

414 3627 442 3668 „
461 3592 600 3646 centem
621 3579 825 3651 instituere:
852 3575 1010 3671 vitiaque
1026 3572 1240 3667 &inprimis
1259 3568 1722 3669 hypocrisin&supetbiam

415 3724 442 3766 ,‚
462 3672 659 3762 internam,
684 3698 765 3767 quae
784 3675 845 3747 dat
864 3671 1038 3763 haereses,
1057 3668 1096 3743 ὃ(
1112 3670 1246 3743 multos
1264 3669 1408 3767 prodit,
1434 3665 1641 3765 profligate.

464 3821 491 3860 „
513 3769 554 3839 ln
566 3768 760 3844 Canonicis
771 3772 968 3868 Scripturis
984 3791 1279 3862 annumeramus,
1294 3768 1451 3864 quinque
1468 3765 1579 3840 libros
1589 3765 1723 3861 Molis,

416 3921 442 3963 ,‚
459 3866 601 3960 Josuae,
627 3864 820 3959 Judicum,
846 3871 974 3960 Ruth,
1000 3884 1155 3961 quatuor
1172 3866 1285 3940 libros
1298 3869 1471 3963 Regum,
1489 3864 1579 3939 duos
1592 3866 1724 3938 Parali-

414 4018 442 4060 ‚,
461 3987 666 4061 pomenon,
692 3987 800 4035 unum
823 3965 967 4055 Esdrae,
986 3986 1096 4035 unum
1118 3963 1309 4035 Neemiae:
1336 3962 1375 4039 δι
1395 3963 1432 4036 hi
1450 3962 1593 4062 quidem
1610 3964 1725 4036 histo·

415 4115 443 4155 ‚,
463 4065 529 4137 rici
549 4061 641 4134 sunt.
666 4060 761 4154 Job,
786 4060 1016 4151 Psalterium,
1043 4058 1252 4153 Parabolas,
1278 4057 1726 4139 Canticattllcclefiasteo

416 4211 446 4255 „
464 4159 684 4239 Salomonis:
713 4157 873 4254 Esaiam,
898 4158 1146 4255 Hieremiam,
1172 4157 1427 4261 Ezechidlem,
1445 4157 1664 4328 ‚Danidlemdt
1687 4155 1727 4231 dc

1590 4306 1620 4354 π
1659 4276 1728 4345 ²¹⁰⁶!
