4442 5150
505 649 576 731 268
694 646 1082 724 HISTORIA
1126 645 1568 726 EVANGELII
1644 652 1812 750 ΛΑΜ

432 856 440 871 ,
504 783 591 858 riam
612 783 685 873 ωε
721 782 862 853 Interea
884 777 1092 852 Sacerdotes
1107 777 1196 873 ipfi,
1220 778 1499 854 obsecundantes
1517 783 1569 853 illi
1589 783 1812 880 magistratus

506 881 653 954 decreto
674 881 863 951 maximam
883 897 1020 972 partem
1040 876 1215 972 conjugia
1231 878 1368 951 inibant
1387 880 1425 951 ὅ(
1444 881 1657 952 clericontm
1677 881 1813 953 otioso·

505 1001 587 1050 rum
615 976 721 1050 turba
745 976 872 1047 abinde
894 974 938 1044 ad
965 994 1063 1044 certa
1089 976 1252 1068 quaedam
1279 976 1337 1045 vel
1363 977 1484 1053 civilia
1500 979 1559 1048 vel
1577 977 1814 1050 ecclesiastica

505 1073 748 1146 destinabatur
764 1072 902 1142 munia:
931 1070 1089 1164 Eratque
1108 1071 1135 1140 is
1154 1071 1356 1142 collationis
1375 1074 1469 1142 illius
1487 1096 1560 1142 uon
1576 1097 1812 1147 eventustan·

505 1166 586 1243 titm
614 1170 670 1244 sed
699 1170 736 1243 ὃ(
762 1164 932 1258 effeetus,
966 1186 1009 1238 ut
1037 1165 1145 1237 Miffa
1170 1186 1425 1258 veterasceret,
1458 1170 1545 1256 quin
1571 1171 1645 1239 imo
1671 1175 1813 1265 penitus

503 1267 728 1357 aboleretur,
755 1268 790 1338 in
809 1266 911 1357 cujus
930 1282 1097 1357 tanquam
1117 1260 1364 1334 abominabilis
1384 1264 1471 1334 idoli
1487 1265 1721 1360 abrogatione
1738 1272 1813 1363 pri·

504 1389 579 1438 maa
604 1362 716 1437 ferrud
743 1362 859 1434 tuliiie
881 1363 1103 1456 Mulhufirnot
1123 1362 1157 1429 in
1176 1380 1366 1453 comperto
1383 1361 1456 1450 est,
1481 1362 1542 1455 qui
1560 1362 1734 1455 praeterei
1750 1389 1811 1436 ce·

505 1482 597 1536 terat
620 1486 693 1559 quo
720 1484 765 1532 ue
781 1457 1062 1532 abominationes
1080 1456 1247 1550 Papaies,
1272 1480 1471 1552 quanquam
1490 1482 1543 1528 eae
1560 1459 1647 1529 altas
1664 1482 1813 1553 egerant

495 1560 662 1651 radices,
695 1485 734 1631 dr
757 1578 885 1665 magna
902 1557 939 1625 vi
958 1551 1260 1646 defendebantur,
1284 1553 1457 1652 abrogare
1474 1554 1655 1651 praeclaris
1673 1555 1813 1630 autibus

503 1680 579 1730 non
597 1655 741 1729 luerunt
762 1657 879 1724 veriti.

551 1765 583 1840 ς.
607 1752 756 1826 XCIX.
792 1747 1202 1822 BASILEENSIUM
1231 1747 1459 1846 Evangeiista
1482 1749 1662 1841 Johannes
1687 1751 1812 1825 Oeco-

503 1850 573 1924 lam
598 1846 701 1922 'adius
728 1844 894 1918 indefeiia
919 1870 1048 1938 opera,
1083 1869 1216 1941 magno
1241 1848 1343 1937 zelo,
1368 1871 1435 1918 nec
1459 1849 1599 1919 minore
1618 1846 1737 1921 irubiu
1757 1852 1814 1943 (b)

502 1874 816 2021 Retirrmationem
838 1943 873 2011 in
891 1940 978 2049 urbe
999 1939 1182 2011 Basrieenii
1202 1943 1463 2037 promovebat,
1482 1967 1587 2038 quem
1605 1944 1734 2016 frustra
1749 1949 1815 2038 Jo-

503 2043 635 2117 hanner
662 2039 858 2115 Cochlaeur
885 2033 988 2107 mrffis
1017 2039 1226 2132 Stutgardia
1250 2039 1382 2131 literis,
1407 2039 1623 2136 amplissimis
1640 2043 1815 2137 promiffie

505 2138 527 2214 a
553 2142 703 2212 veritate
729 2137 851 2232 agnita
875 2157 1022 2206 avocare
1041 2134 1248 2207 conabatur.
1290 2137 1551 2235 Adjungebant
1568 2137 1601 2211 se
1618 2138 1815 2213 Oecoiam-

503 2236 613 2336 padio
632 2239 690 2310 M.
708 2237 764 2308 W
760 2233 928 2329 olfgangur
950 2231 1233 2327 Werffenburgiur
1252 2235 1329 2324 (c),
1354 2237 1499 2308 Marcus
1515 2240 1673 2331 Berfias,
1690 2237 1818 2312 Frater

504 2338 678 2433 Johannrs
704 2331 924 2421 Luthardus,
959 2329 1083 2401 Frater
1100 2327 1243 2402 Thomas
1262 2331 1459 2427 Geierfaik,
1485 2335 1593 2428 primi
1611 2332 1815 2408 reformate

503 2430 679 2508 dodirinae
705 2429 799 2526 apud
825 2425 1036 2500 Basdeense's
1062 2449 1260 2521 praeconer.
1303 2429 1425 2525 Atque
1452 2431 1504 2502 his
1530 2430 1697 2505 omnibus
1715 2433 1813 2506 fave·

496 2529 588 2622 bat,
614 2553 659 2604 ne
676 2528 721 2602 de
740 2532 838 2603 Conr.
859 2529 1029 2599 Pellicanr
1048 2525 1085 2598 dt
1105 2523 1250 2621 reliquis
1268 2524 1458 2623 Evangelii
1477 2528 1570 2622 apud
1588 2554 1649 2603 eos
1666 2554 1812 2627 promo·

503 2627 643 2705 toribus
669 2627 707 2702 &
733 2623 989 2699 consess'oribus
1015 2624 1210 2722 quicquam
1236 2623 1425 2717 dicamus,
1467 2622 1596 2722 Caspar
1623 2630 1813 2706 Schallerru

502 2726 618 2804 Urbis
637 2727 866 2821 secretarius.

551 2809 649 2921 Quae
684 2824 802 2897 omnia
836 2819 933 2920 quod
969 2818 1127 2918 graviter
1156 2817 1349 2891 admodum
1376 2816 1397 2890 a
1423 2818 1631 2895 sacrificulis
1659 2822 1728 2898 sint
1753 2850 1812 2898 ac·

503 2943 630 3021 cepta,
656 2921 763 3032 facile
790 2918 925 3015 conjici
946 2914 1086 3027 potei'r,
1112 2918 1248 3013 quippe
1266 2919 1327 3013 qui
1345 2916 1419 2988 alto
1436 2918 1591 3028 clamore
1609 2918 1810 3015 insurgere,

501 3012 1810 3207 abab?,tibairiadaudicit,dubitabantur&

503 3211 624 3310 iicque
651 3209 853 3283 multifariis
881 3205 1098 3318 tumuitibus
1124 3228 1230 3303 atque
1255 3206 1425 3280 molestiis
1442 3208 1623 3281 materiam
1641 3207 1809 3305 suppedi-

503 3310 646 3402 tabant,
673 3310 945 3405 animorumque
964 3302 1108 3377 discidia
1126 3302 1309 3380 fovebant.

548 3410 649 3482 Tum
669 3404 778 3499 verb,
800 3407 949 3480 Senatus
967 3400 1191 3492 Basrieenfis,
1211 3406 1314 3499 cujus
1330 3425 1414 3475 curn
1428 3400 1812 3479 maximemoderatio·

503 3531 583 3585 nem
614 3510 648 3580 in
673 3530 715 3580 eo
742 3504 860 3580 laudat
888 3499 1143 3577 ERASMUS
1164 3505 1236 3595 (a),
1271 3500 1437 3574 omnibus
1463 3500 1609 3575 ditionis
1634 3502 1705 3576 suae
1722 3528 1812 3577 con·

1733 3627 1812 3674 cro·

544 3720 593 3799 (a)
618 3714 865 3783 iiOTTlNG.
891 3717 932 3782 K.
952 3714 996 3781 G.
1020 3714 1174 3798 pag.r6o.
1206 3731 1244 3776 ex
1270 3711 1369 3776 Henr.
1392 3710 1477 3778 Petri
1492 3712 1656 3778 Chronico
1673 3711 1812 3780 Molitu-

504 3801 577 3871 [τωο
595 3798 698 3865 MSS.

545 3886 596 3962 (b)
623 3880 674 3946 De
699 3878 1080 3975 OECQLAMPADII
1099 3900 1155 3966 pro
1174 3876 1371 3960 Evangeiicae
1390 3877 1540 3943 doetrinae
1555 3880 1685 3964 puritate
1700 3882 1811 3945 ardore

505 3967 611 4065 resstrn
635 3965 782 4029 babemus
800 3985 866 4064 chs
884 3968 1064 4049 epistolam,
1081 3984 1159 4059 ¹quar
1177 3962 1302 4059 praefiua
1317 3959 1357 4022 est
1375 3961 1442 4042 ejut
1459 3965 1492 4024 in
1506 3967 1640 4046 primam
1656 3962 1812 4044 Johanm'r

504 4049 669 4139 Eprliolam
682 4048 886 4129 dernegorus,
904 4050 946 4113 uti
964 4069 1027 4113 nnn
1043 4067 1148 4111 mutus
1158 4064 1314 4129 egregiam
1328 4044 1694 4130 lebiuquedigniffimam
1705 4042 1812 4108 Evan—

502 4136 679 4388 gqliqqqrgm
705 4130 952 4292 Qi'gmffss
972 4131 1212 4278 q'omrarqearariis
1235 4129 1296 4276 ssuis
1313 4129 1346 4228 ia
1364 4126 1528 4191 Danielem
1544 4129 1661 4227 qrafigi
1677 4130 1813 4196 curavit.

502 4240 544 4289 e.
681 4262 686 4276 .
867 4259 873 4276 .
956 4259 962 4274 .
996 4236 1026 4297 q.
1105 4232 1224 4279 annum
1256 4231 1432 4295 uberiorem
1447 4229 1650 4283 monmmus„

544 4300 578 4391 (c
620 4213 819 4370 stuTt'
859 4295 1009 4365 .Anutl.
1033 4293 1118 4364 Dee.
1136 4295 1162 4364 1.
1185 4316 1215 4381 p.
1234 4296 1305 4361 216.
1384 4352 1387 4356 ,
