4442 5150
692 611 1537 719 PRAEFATIO.

455 827 573 912 curn
598 825 705 892 non
730 785 991 890 intermisso
1016 784 1172 887 studio
1200 787 1419 928 deinceps
1441 787 1585 890 fiterit
1609 791 1771 931 prose-

461 963 624 1056 cutus,
672 937 743 1029 ita
774 959 830 1026 ut
855 936 949 1063 ejus
978 933 1209 1027 Dostrina
1235 964 1336 1027 non
1360 935 1598 1028 minorem
1622 968 1768 1071 quam

456 1077 604 1168 etiam
642 1065 842 1168 Lutheri
852 1118 868 1158 .’
877 1063 1093 1164 habuerit
1129 1062 1402 1204 applausum
1428 1075 1600 1204 pariter
1626 1102 1768 1209 atque

457 1200 744 1328 succeffum,
794 1201 1155 1342 quodammodo
1180 1234 1337 1342 patet,
1374 1204 1494 1303 illud
1517 1209 1646 1344 quod
1673 1217 1767 1309 cir·
1870 1326 1873 1336 Ι

461 1380 521 1444 ca
560 1352 856 1484 prioritatem
895 1341 1121 1480 Zwinglii
1159 1351 1455 1467 notavimus,
1495 1380 1596 1444 non
1622 1356 1768 1448 everti

459 1518 545 1621 per
580 1519 637 1582 ea
670 1488 863 1604 omnia,
903 1516 1003 1620 quae
1025 1485 1074 1579 T
1079 1477 1275 1617 heologi
1301 1478 1445 1579 nostri
1469 1480 1765 1611 Reformati‚

527 1656 562 1720 ae
598 1617 803 1759 ipstrrum
836 1615 901 1716 est
926 1623 1219 1756 ingenuitas,
1257 1615 1556 1754 perlubenter
1582 1622 1640 1720 de
1666 1628 1767 1722 Lu-

454 1657 600 1858 Ἐᾶτε)
636 1789 863 1896 tanquam
895 1757 1044 1896 pruno
1082 1751 1319 1888 Evangelii
1352 1756 1496 1854 renati
1525 1788 1762 1894 precone,

460 1927 600 2038 atque
629 1897 853 2036 primaru
875 1891 1033 2024 Chresti
1044 1898 1175 2015 servo
1188 1968 1204 2018 ‚
1244 1931 1301 1992 ex
1327 1901 1394 1992 rei
1418 1901 1617 1996 veritate
1640 1897 1765 1998 refe·
1924 1979 1927 1984 .

453 2064 595 2134 aunt:
1326 2118 1328 2124 .

525 2172 650 2296 sed,
700 2207 790 2272 nec
825 2169 945 2270 illud
981 2167 1112 2309 quod
1151 2170 1253 2271 Cel.
1292 2154 1698 2274 HEUMANNO
1724 2188 1765 2311 Υ)

455 2308 687 2410 adducere
736 2310 916 2449 placuit
963 2303 1265 2447 Magistratus
1313 2310 1537 2448 Tigurini
1577 2318 1630 2409 in
1670 2309 1766 2414 hac
1841 2320 1846 2343 '

455 2445 591 2549 causa
615 2446 939 2550 testimouium
960 2446 1133 2547 adduci
1161 2442 1409 2570 debuisset,
1436 2456 1612 2590 quippe
1633 2452 1766 2591 quod

452 2593 508 2686 iu
544 2588 638 2687 illis
676 2596 730 2686 in
764 2586 931 2728 quibus
956 2594 1162 2686 occurrit
1186 2621 1343 2685 rerum
1369 2590 1762 2715 circumstantiis,

456 2725 603 2860 plane
628 2725 763 2823 aditet
789 2725 831 2824 se
852 2723 1024 2827 habet:
1061 2723 1347 2821 Referuntur
1370 2724 1434 2821 ibt
1460 2724 1578 2832 Aila
1592 2729 1696 2845 Dis
1711 2764 1766 2822 u·
1836 2791 1839 2797 =

450 2861 628 2960 tationis
664 2861 883 2997 Yr'gurinae
917 2869 1104 3003 primae,
1131 2866 1280 2959 'inter
1318 2863 1530 2996 Legatos
1562 2757 1767 2998 Conjdm-

454 2996 596 3131 rierfis
631 3000 845 3141 Episcopi
882 3015 929 3102 &
963 2998 1282 3136 beinghem,
1346 2994 1505 3098 mense
1539 3006 1765 3131 Januario

453 3145 517 3236 A.
541 3173 685 3272 1523.
723 3138 920 3266 habita,
948 3170 1088 3280 atque
1102 3146 1226 3240 inter
1239 3140 1331 3239 alia
1346 3136 1558 3266 additur,
1589 3219 1633 3266 „,
1650 3148 1766 3242 Haec

454 3351 492 3400 „
516 3272 598 3376 ubi
632 3279 895 3419 Zwinglius
931 3273 1229 3479 Pemssaffess
1261 3313 1491 3419 magnum
1525 3278 1765 3380 filentium

993 3420 1020 3479 *
1624 3489 1660 3537 >r
1682 3422 1764 3513 'in‘

456 3619 538 3789 u
799 3622 1054 3793 um
1395 3640 1439 3692 Υ
1651 3616 1764 3788 Υ

454 3864 484 3908 ,,
495 3739 668 3890 <didischen
683 3732 904 3916 (didddddra’t’s
928 3744 1152 3910 dinddddun,
1164 3738 1500 3889 ¹gwldloccheselincidedlng
1507 3740 1588 3887 dedu
1608 3740 1764 3888 zdreiltlerd

452 3962 484 4009 ‚,
504 3911 616 3987 bande
633 3915 696 3988 der
714 3917 838 3989 werke
856 3918 1031 4024 Zwinglii
1050 3914 1115 3988 auf
1126 3916 1206 3987 dem
1223 3925 1264 3989 61
1277 3938 1306 3988 1.
1324 3913 1420 3986 blate
1438 3908 1607 3986 antreffe:
1636 3915 1762 3986 Zwir't·

455 4060 485 4103 ‚‚
499 4016 605 4109 glirem
641 4009 921 4091 HACTENUS
949 4019 1049 4087 multi
1072 4014 1230 4089 'CLAM
1249 4014 1438 4085 haerericum
1463 4016 1641 4084 conviciati
1657 4008 1762 4104 sunt,

448 4155 483 4201 ‚‚
498 4111 571 4182 wie
597 4110 669 4182 kan
693 4135 774 4183 man
801 4114 895 4184 doch
923 4110 1049 4208 sagen,
1074 4109 1146 4183 dass
1166 4112 1263 4183 einer
1278 4110 1341 4182 der
1358 4109 1454 4181 noch
1471 4110 1519 4179 im
1537 4107 1635 4206 June
1659 4128 1762 4201 ¹523·

456 4257 486 4303 ‚,
503 4229 579 4280 von
603 4206 672 4280 den
698 4209 863 4308 Papisten
886 4234 954 4282 nur
971 4209 1124 4281 beimlich
1141 4208 1203 4280 der
1222 4209 1403 4301 Ketzerey
1420 4201 1649 4304 beschuldigt
1666 4222 1763 4296 wur-

458 4354 487 4406 „
503 4302 572 4401 de,
596 4302 775 4385 schoud.
791 4317 894 4405 tsi-6.
918 4307 977 4382 die
989 4305 1134 4382 Kircht
1149 4291 1530 4396 reteniretnauetss„
1620 4331 1625 4342 ·
1688 4333 1694 4348 ·
