4442 5150
457 628 625 721 ΛΑΜ.
789 615 831 691 R
879 606 912 687 E
961 613 1005 688 N
1054 613 1092 688 Ο
1141 611 1180 689 V
1228 614 1262 689 A
1310 616 1349 693 Τ
1398 619 1430 694 Ῑ.
1698 653 1763 730 37¹

502 767 534 842 ς.
547 746 696 828 CXXI.
717 745 786 821 Sed
797 744 983 845 quomodo
994 743 1308 820 BASILEENSI
1320 749 1589 830 Reformationi
1601 756 1646 832 A.
1660 783 1765 858 1529.

455 852 599 928 tandem
628 870 762 918 corona
786 843 894 916 fuerit
918 840 1084 938 imposrta
1110 844 1367 939 pervidendum
1390 849 1462 923 est:
1497 855 1612 928 Armis
1629 854 1766 937 scilicet

456 951 590 1024 abhinc
608 945 768 1040 aliquot,
793 940 939 1013 Basileae
958 962 1128 1034 magnum
1146 939 1260 1013 iuerat
1279 941 1329 1032 (a)
1354 945 1539 1043 religionis
1555 952 1655 1026 causa
1671 956 1765 1032 diffi.

457 1049 581 1137 dium,
617 1043 655 1115 &
680 1041 816 1112 senatus
843 1036 987 1134 quidem
1015 1038 1177 1111 decrevit
1202 1040 1367 1133 tandem,
1400 1064 1443 1116 ut
1460 1046 1583 1121 eadem
1599 1048 1683 1125 esset
1702 1080 1766 1151 per

459 1163 574 1217 totam
593 1139 717 1211 urbem
737 1133 918 1225 doslrina,
937 1153 1050 1230 utque
1068 1133 1112 1205 de
1130 1133 1264 1228 Millis,
1283 1160 1364 1232 quae
1383 1139 1473 1214 locis
1490 1142 1607 1218 adhuc
1625 1148 1765 1245 aliquot

456 1241 683 1338 supererant,
713 1255 815 1307 certo
832 1233 889 1305 die
901 1228 1022 1399 palim
1043 1229 1164 1303 habita
1179 1231 1417 1330 disputatione
1436 1261 1499 1334 per
1516 1237 1683 1339 suffragia
1700 1247 1764 1319 de·

457 1353 662 1412 cerneretur
679 1331 766 1429 quid
786 1333 882 1402 ineo
929 1329 981 1400 eri
998 1346 1195 1423 oporteret.
1233 1329 1422 1405 Pontificii
1440 1355 1558 1409 autem
1578 1340 1693 1411 nihilo
1710 1343 1763 1415 se·

456 1436 535 1508 cius
560 1430 738 1528 urgebant
763 1427 864 1500 suum
882 1425 1110 1518 institutum,
1137 1425 1176 1499 δε
1192 1424 1376 1523 aliquanto
1393 1432 1500 1505 etiam
1518 1435 1677 1508 acerbius
1695 1462 1763 1534 pro

457 1531 633 1603 concione
660 1523 831 1600 notabant
852 1521 1077 1595 adversarios.
1122 1519 1172 1596 Et
1189 1526 1357 1619 qnoniam
1376 1526 1447 1600 hoc
1465 1530 1535 1603 illis
1551 1552 1624 1605 erat
1642 1534 1763 1630 impu·

456 1625 523 1720 ne,
558 1625 719 1724 plerique
738 1622 785 1694 fic
804 1618 1050 1714 accipiebant,
1076 1617 1172 1713 quafi
1192 1622 1365 1715 primores
1381 1622 1472 1697 illud
1489 1650 1561 1700 non
1579 1630 1763 1727 improba·

457 1744 550 1797 rent.
593 1719 721 1818 Itaique
748 1714 874 1792 delesti
893 1714 972 1787 sunt
990 1712 1011 1786 ὲ
1029 1712 1192 1806 civibus,
1217 1718 1278 1813 qui
1295 1716 1427 1793 senatui
1446 1721 1565 1798 denuo
1584 1724 1620 1798 su
1649 1729 1763 1825 plica·

456 1838 560 1908 rent,
586 1819 624 1894 ὃ(
643 1816 735 1916 paeri
754 1813 962 1889 memoriam
981 1831 1205 1885 renovarent.
1247 1815 1302 1886 Hi
1321 1816 1400 1910 poli
1419 1818 1568 1893 multam
1587 1750 1762 1898 aelionem

456 1913 647 2014 petebant,
681 1935 723 1988 ut
750 1915 776 1986 ii
801 1910 997 2000 senatores,
1030 1931 1185 2004 quorum
1213 1909 1358 1984 hortatu
1381 1915 1566 1990 Pontificii
1587 1918 1635 1993 stc
1651 1909 1763 1994 doce'·

454 2024 555 2106 stnt,
573 2015 740 2185 puoniam
757 2035 798 2085 ea
815 2033 867 2083 res
884 2030 958 2080 non
973 2001 1087 2079 solitm
1105 2005 1149 2078 ad
1166 2004 1301 2082 decreti
1317 2007 1401 2083 faeti
1411 2033 1684 2113 contemptum,
1704 2017 1763 2092 sed

453 2113 497 2185 ad
525 2132 583 2186 tur
610 2137 665 2184 am
688 2131 794 2209 atque
816 2106 1025 2181 seditionem
1043 2103 1150 2176 etiam
1167 2107 1383 2201 pertineret,
1408 2109 1492 2184 loco
1509 2110 1764 2189 submoveren-

452 2229 525 2283 tur.
550 2209 678 2305 Qrum
697 2209 731 2280 id
749 2208 898 2279 Senatus
914 2196 1065 2274 omnino
1083 2201 1280 2295 recusaret,
1299 2206 1419 2298 cives,
1438 2207 1546 2305 hujus
1563 2213 1643 2283 anni
1661 2236 1763 2286 men·

453 2305 497 2382 lit
514 2305 698 2381 Februarii
716 2305 775 2379 die
792 2299 943 2390 oslavo,
969 2299 1006 2369 in
1025 2296 1101 2368 aede
1117 2296 1149 2367 F
1151 2300 1435 2375 ranciscanorum
1454 2310 1696 2402 conveniunt,
1723 2310 1764 2384 δε

453 2427 491 2475 re
509 2404 725 2492 deliberata,
751 2399 866 2472 rursus
883 2396 977 2468 idem
997 2392 1016 2466 a
1033 2392 1176 2486 senatu,
1201 2394 1259 2467 sed
1278 2421 1349 2468 non
1367 2397 1442 2470 talm
1462 2400 1626 2494 demisse,
1652 2402 1762 2500 quim

452 2516 574 2591 antea,
602 2514 753 2594 petunt:
783 2493 886 2566 simul
908 2490 1054 2591 publica
1070 2491 1226 2564 civitatis
1245 2491 1322 2564 loca
1343 2493 1406 2565 libi
1425 2497 1573 2595 capiunt
1592 2501 1630 2574 δι
1647 2525 1762 2574 occu·
1876 2583 1878 2590 ¹

452 2615 562 2692 pant,
583 2592 653 2667 fine
670 2592 773 2667 armis
791 2611 920 2665 tamen.
946 2589 1023 2664 Sub
1041 2591 1118 2686 ejus
1132 2589 1201 2661 diei
1213 2590 1414 2686 vesperam,
1434 2595 1583 2671 Senatus
1601 2651 1628 2690 „
1640 2598 1761 2695 place·

451 2742 480 2786 „
492 2716 528 2765 re
547 2690 611 2765 fibi
629 2690 838 2789 respondet,
857 2688 960 2776 urii,
979 2709 1067 2782 quos
1081 2686 1166 2759 loco
1180 2689 1354 2761 removeri
1370 2689 1573 2787 postulent,
1591 2695 1761 2792 deinceps

452 2812 601 2886 „quum
629 2789 673 2861 de
699 2789 873 2884 religione
898 2783 1175 2874 deliberabitur,
1207 2786 1281 2857 noti
1298 2784 1433 2881 adsint,
1459 2789 1496 2859 in
1515 2792 1654 2863 caeteris
1672 2790 1760 2865 verb

452 2888 615 2981 „locum
634 2888 672 2960 ὅ(
690 2886 851 2958 ordinem
870 2882 970 2955 suum
991 2883 1213 2972 retineant.„
1258 2883 1316 2955 Eo
1333 2883 1418 2958 dato
1435 2882 1621 2982 responso,
1646 2911 1761 2984 quum

452 3005 638 3082 appareret
657 3007 790 3080 paucos
808 2982 947 3078 aliquot
965 2978 1132 3077 usurpare
1149 2976 1212 3053 srbi
1230 2976 1402 3056 summam
1417 2984 1488 3077 rei,
1507 2985 1619 3084 magis
1633 2981 1762 3061 offensi

452 3082 596 3157 suerunt
614 3083 722 3156 animi
741 3083 897 3155 civium:
924 3076 1155 3176 quamobrem
1169 3076 1296 3247 paldm
1313 3080 1571 3174 testificantur,
1588 3083 1680 3158 velle
1695 3082 1761 3160 libi
1844 3090 1847 3100 '

452 3205 579 3280 capere
597 3181 787 3254 confilium
807 3178 932 3250 deince
960 3200 996 3265 s,
1014 3198 1085 3246 non
1103 3175 1167 3272 qui
1193 3198 1249 3250 ern
1268 3178 1472 3276 religionis,
1490 3179 1616 3255 verirm
1634 3181 1685 3253 sui
1698 3181 1762 3271 ju·

454 3281 501 3352 ris
523 3278 729 3353 vindicandi
750 3273 861 3350 causa.
953 3294 1001 3341 ox
1018 3275 1143 3345 armati
1162 3291 1276 3348 turres
1293 3299 1400 3371 atque
1417 3297 1537 3374 portas
1556 3294 1760 3368 occupant,

456 3376 494 3445 bc
522 3375 648 3447 idonea
674 3377 754 3447 lota
778 3368 951 3472 praesidiis
977 3364 1143 3458 firmant,
1170 3368 1209 3439 bc
1232 3372 1399 3444 excubias
1414 3392 1549 3468 agunt,
1575 3396 1647 3443 non
1663 3368 1772 3445 secus

455 3487 562 3564 atque
582 3471 775 3564 incastris,
801 3490 911 3567 quum
930 3464 975 3537 ab
993 3460 1093 3534 hoste
1110 3463 1234 3536 vicino
1251 3466 1453 3558 periculum
1472 3467 1545 3557 est,
1564 3467 1641 3537 lieri
1659 3464 1761 3540 solet.

455 3563 654 3657 Postridie,
688 3568 824 3640 senatus
845 3559 1061 3638 deliberandi
1080 3556 1230 3656 spatium
1249 3563 1362 3657 petit,
1388 3564 1425 3636 dc
1443 3561 1485 3632 ad
1503 3586 1586 3651 eos,
1613 3563 1677 3658 qui
1693 3586 1761 3636 nu·

455 3687 520 3759 per
546 3660 685 3733 fuerant
710 3663 972 3753 intercessores,
1002 3658 1139 3731 causam
1157 3658 1289 3753 rejicit.
1331 3659 1440 3734 Cives
1459 3656 1548 3731 illud
1566 3683 1639 3732 non
1656 3683 1761 3735 recu·

455 3760 553 3851 sant,
588 3756 643 3829 sed
663 3777 704 3829 ur
723 3762 772 3831 rei
795 3760 862 3834 smt
881 3762 1013 3833 interca
1031 3754 1190 3854 privati,-
1210 3753 1343 3851 suoque
1360 3755 1504 3854 sumptu
1522 3757 1622 3831 litem
1641 3758 1761 3857 prose·

455 3875 632 3955 quantur,
666 3854 817 3928 volunt:
852 3857 916 3951 ipss
937 3852 1045 3945 verb,
1072 3854 1134 3949 qui
1150 3852 1383 3949 Reipublicae
1401 3852 1536 3927 causam
1555 3854 1591 3929 &
1610 3856 1761 3956 posteri·

455 3957 538 4030 tatis
560 3971 687 4051 agant,
712 3950 856 4068 sumptu
874 3952 1035 4048 publico.
1070 3951 1219 4023 Senatus
1236 3950 1344 4022 etiam
1364 3950 1431 4023 alia
1447 3953 1609 4049 quaedam
1627 3955 1761 4028 leviora

457 4055 526 4130 illis
544 4054 717 4150 largitur,
743 4073 816 4148 quo
836 4047 883 4121 fic
900 4043 1132 4215 offenfiopem
1150 4045 1345 4214 mitigaret.
1371 4050 1459 4127 Hoc
1477 4050 1553 4154 ipso
1571 4053 1649 4148 die,
1668 4073 1760 4221 nopl3

496 4191 498 4196 ’
1086 4167 1134 4215 ²²
1482 4189 1485 4194 ·
1671 4171 1720 4223 nu
1749 4173 1763 4222 r

498 4266 548 4336 'tl
572 4256 799 4333 SlAElDAN.
826 4254 951 4325 mvl.
973 4254 1032 4322 sol.
1047 4272 1099 4339 99.
1124 4255 1255 4322 &100..
1283 4257 1287 4265 ’
