4442 5150
460 703 630 804 A.1528.
791 702 832 776 R
880 699 913 775 E
963 699 1005 776 N
1055 703 1093 776 Ο
1142 700 1263 776 vii
1311 705 1349 780 T
1398 706 1430 781 Ι.
1693 719 1767 805 369
1849 791 1862 816 ⁶

453 839 558 914 salse:
582 890 612 931 „
631 839 772 930 Nuper,
798 833 943 926 scribit,
966 829 1270 930 oecolampadius
1289 836 1394 909 duxit
1410 861 1584 932 uxorem,
1605 839 1762 936 puellam

458 989 487 1030 „
502 961 577 1008 non
597 938 845 1030 inelegantem.
890 931 982 1003 Vult
1000 935 1131 1026 opinor
1147 933 1303 1029 affligere
1320 957 1475 1007 carnem.
1519 937 1679 1032 Quidam
1698 961 1764 1033 ap·

458 1087 487 1128 ,‚
506 1035 641 1129 pellant
659 1032 902 1104 Lutheranam
923 1031 1184 1124 Tragoediam,
1203 1031 1292 1101 mihi
1310 1032 1453 1103 videtur
1470 1030 1762 1106 esleComoedia:

458 1183 487 1223 „
506 1131 643 1224 semper
660 1130 755 1199 enim
776 1129 811 1198 iii
830 1126 970 1221 nuptias
988 1148 1120 1198 exeunt
1140 1129 1326 1200 tumultus.
1338 1181 1366 1219 „
1395 1128 1472 1224 Ipse
1489 1126 1577 1201 verb
1592 1130 1763 1203 OECO-

458 1225 777 1300 LAMPADlUS
796 1224 838 1295 ad
859 1224 948 1296 Gul.
967 1222 995 1292 F
998 1224 1145 1296 arelium
1164 1224 1209 1296 de
1227 1225 1280 1296 his
1297 1227 1431 1320 nuptiis
1448 1227 1577 1320 ita(a):
1605 1278 1630 1317 „
1649 1228 1764 1299 Porro

454 1323 531 1419 „si
552 1326 715 1423 ignoras,
741 1341 868 1392 notum
889 1318 954 1392 tibi
973 1317 1069 1412 esto,
1096 1321 1299 1393 Dominum
1317 1322 1405 1393 milii
1425 1348 1490 1421 pro
1508 1321 1673 1396 defundia
1688 1347 1764 1396 ma·

458 1473 485 1516 „
504 1441 579 1511 tre,
599 1420 754 1493 sororem
774 1440 922 1489 uxorem
941 1416 1090 1507 dedisse,
1108 1416 1187 1490 satis
1197 1417 1455 1513 Christianam:
1483 1443 1673 1517 pauperem
1683 1423 1765 1516 qui·

458 1570 486 1613 „
507 1520 586 1589 dem
615 1517 672 1588 sed
700 1513 848 1587 honesto
875 1515 959 1585 loco
986 1535 1125 1603 natum,
1156 1516 1393 1614 viduamque,
1420 1518 1458 1591 δε
1476 1537 1659 1614 expertam
1678 1543 1761 1591 cru·

457 1668 485 1711 „
505 1639 585 1686 cem
612 1615 751 1710 aliquot
776 1613 896 1702 annis,
927 1633 1031 1706 quain
1050 1611 1179 1682 vellem
1199 1613 1363 1708 equidem
1381 1635 1465 1686 natu
1484 1638 1518 1686 iii
1544 1617 1675 1708 orem,
1703 1615 1764 1689 sed

455 1765 487 1806 „
505 1713 594 1783 nihil
609 1711 779 1806 juvenilis
798 1709 1006 1803 petulantia:
1024 1706 1190 1779 haitenus
1210 1711 1244 1782 in
1263 1734 1303 1781 ea
1320 1714 1496 1807 apparuit.
1562 1737 1586 1784 u
1603 1736 1666 1786 ora
1679 1713 1763 1786 Do·
1864 1751 1876 1769 κ

458 1861 488 1902 „
507 1809 664 1898 minum,
690 1829 731 1879 ut
750 1805 836 1879 felix
854 1829 894 1877 ac
912 1794 1122 1876 diuturnum
1142 1803 1186 1878 fit
1204 1809 1428 1904 conjugium.
1446 1861 1474 1902 „
1618 1809 1621 1817 '

508 1906 617 2001 Apud
644 1903 961 1978 TIGURINOS
981 1902 1069 1973 nihil
1089 1925 1213 1974 eoruni
1232 1906 1490 1999 omittebatur,
1517 1930 1598 2004 qtiae
1616 1907 1658 1981 ad
1677 1933 1763 2006 pro·

458 2003 676 2076 movendum
701 2005 738 2077 bt
758 1999 1005 2074 stabiliendum
1025 1998 1214 2096 Evangelii
1232 2002 1420 2099 negotium
1439 2001 1554 2078 facere
1571 2026 1763 2106 poterant,

456 2101 494 2172 id
513 2101 609 2197 quod
630 2101 686 2174 vel
705 2125 748 2173 ex
770 2098 904 2171 duabus
924 2094 1076 2192 Synodis
1091 2096 1348 2172 Ecclesiasticis
1366 2124 1449 2197 quas
1467 2103 1537 2174 hoc
1556 2126 1649 2176 anno
1667 2106 1763 2176 cele·

456 2196 627 2288 brarunt,
645 2199 814 2292 quoniam
835 2196 879 2268 de
898 2192 1229 2266 Ecclesiasticorum
1249 2194 1455 2272 dodirina&
1467 2198 1627 2280 moribus
1641 2199 1764 2274 Evan-

450 2294 553 2391 gelio
572 2292 719 2367 minime
738 2293 856 2392 dignis
874 2291 917 2368 ad
936 2289 1027 2388 ipsos
1046 2292 1191 2387 perlatae
1209 2314 1307 2364 erant
1321 2294 1476 2389 querelae
1488 2295 1566 2387 (b),
1585 2297 1764 2465 coibiices·

456 2393 528 2465 cit:
560 2393 603 2462 lii
621 2416 740 2464 earum
761 2395 894 2502 prima,
913 2390 948 2462 in
967 2389 1076 2461 vitain
1099 2390 1137 2462 ὃ(
1152 2386 1347 2460 ἀοᾶτίῃαηι
1370 2391 1636 2486 Evangelicoru
1692 2397 1763 2466 miv

455 2486 650 2560 nistrorum
677 2486 941 2584 inquirebatur,
976 2488 1013 2562 bt
1038 2487 1064 2558 ii
1083 2509 1236 2583 quorum
1256 2486 1314 2557 vel
1331 2483 1491 2558 dodrina
1508 2506 1581 2559 erat
1601 2489 1764 2589 imputa,
1856 2512 1860 2519 ·

456 2585 515 2657 vel
534 2586 607 2657 vita
623 2583 796 2659 doetrinae
815 2586 930 2658 minus
949 2582 1124 2675 consona,
1143 2582 1451 2679 corripiebantur3
1480 2586 1516 2656 in
1534 2586 1664 2681 altera,
1682 2613 1766 2662 mo-

457 2680 562 2754 naehi
590 2684 628 2758 ὅ(
654 2682 843 2758 sacrificuli
870 2681 1185 2776 examinabantur,
1220 2682 1257 2756 ὅ(
1283 2682 1344 2778 qui
1362 2682 1405 2755 ad
1422 2682 1624 2756 docendum
1642 2685 1764 2760 idonei

456 2778 613 2853 ecclesiis
634 2783 739 2854 certis
758 2779 1062 2877 praeficiebantur.

501 2878 637 2950 Petunt
658 2899 736 2951 tum
755 2902 900 2975 quoque
918 2880 1090 2978 Tigurini
1110 2878 1147 2954 δι
1168 2876 1356 2954 Beruenses
1374 2899 1532 2954 amanter
1548 2880 1569 2953 ii
1586 2883 1687 2979 pagis
1707 2906 1763 2956 re·

452 2972 584 3071 liquis,
608 2996 651 3049 ut
672 2976 777 3076 siqui
796 2979 834 3049 in
852 2977 1103 3051 communibus
1122 3000 1206 3074 quas
1223 2981 1350 3052 dieunt
1368 2977 1592 3053 Praefeuurrs
1610 2980 1662 3075 (c)
1680 3004 1764 3079 gru·

422 3109 426 3117 ·
456 3073 542 3146 tiam
563 3074 819 3173 Evangelicam
839 3074 1059 3169 desiderent,
1077 3074 1147 3148 illis
1163 3074 1281 3151 fontes
1300 3078 1393 3153 illius
1410 3102 1455 3151 ue
1472 3080 1764 3175 praecluduntur,

451 3192 537 3266 quae
558 3197 610 3246 res
628 3197 712 3246 cuin
734 3173 844 3246 invisa
861 3171 947 3243 esset
964 3174 1129 3270 reliquis,
1147 3197 1270 3269 parum
1290 3175 1427 3267 abluit,
1446 3177 1532 3271 quin
1551 3179 1586 3250 in
1606 3172 1765 3271 graviffi·

454 3290 554 3340 mum
579 3272 713 3343 bellum
733 3267 927 3367 erupisset,
953 3269 1018 3340 nisi
1038 3294 1101 3365 per
1118 3272 1361 3369 interpositam
1381 3273 1631 3347 Basiloenlium
1652 3271 1765 3366 Scap·

455 3363 669 3439 busanorutn
706 3370 744 3442 ὅ(
771 3364 1131 3440 Abbatiscellensium
1158 3371 1439 3442 moderationem
1468 3369 1586 3440 fuisset
1612 3388 1766 3460 compo·

453 3456 532 3528 fita.
581 3463 772 3558 Denique,
806 3487 889 3535 euin
919 3463 1076 3558 quinque
1103 3464 1192 3560 pagi.
1214 3464 1400 3536 Pontificii
1427 3460 1598 3535 acerrimi}
1626 3464 1765 3555 puriori

456 3552 624 3646 religioni
650 3560 939 3650 adversarentur,
975 3562 1012 3633 ὃ(
1039 3561 1140 3632 domi
1164 3563 1308 3657 quoque
1332 3559 1495 3631 nonnulli
1521 3557 1764 3635 emendationi

453 3648 636 3723 dosiiinae.
657 3679 728 3726 non
755 3658 945 3730 admodum
970 3657 1153 3746 faverent,
1179 3661 1310 3731 Senatu
1329 3657 1366 3729 &
1385 3654 1549 3728 tribubus
1568 3658 1765 3733 movendos

455 3746 619 3841 censent,
655 3772 836 3849 quotquot
864 3755 1038 3829 Ecclesiae
1066 3755 1292 3830 Reformatae
1320 3754 1376 3827 vel
1395 3753 1514 3827 tac-itis
1531 3755 1626 3827 votis
1643 3748 1676 3828 se
1694 3781 1764 3855 op·

1054 3856 1126 3930 Aa
1143 3880 1164 3927 a
1649 3878 1763 3951 pone·

496 4042 544 4122 (a)
570 4041 632 4105 via.
653 4037 875 4106 ZWiNGL.
894 4048 923 4110 a
942 4043 1041 4111 oeni.
1060 4042 1120 4130 up.
1136 3995 1277 4127 rosim.
1294 4046 1324 4108 b.
1427 4060 1432 4071 ·

457 4142 547 4284 h(alp)
574 4139 822 4206 HOTTING.
846 4142 945 4209 Heli.
971 4146 1012 4209 K.
1032 4144 1076 4210 G.
1099 4165 1171 4241 pag,
1185 4162 1259 4229 423,
1276 4164 1349 4248 4243
1386 4148 1429 4216 cs.
1453 4119 1763 4238 mummi

453 4319 460 4331 ·
497 4320 547 4401 ici
572 4287 952 4414 uoriiuossiiiir,
972 4289 1077 4414 ino.
1102 4319 1314 4417 nonor-
1380 4391 1383 4398 .
1415 4295 1425 4416 J
1459 4399 1461 4404 ,
