4442 5150
460 610 1436 751 mm.'nmuovnrr
1704 659 1771 744 m

457 831 485 872 „
504 775 617 873 cipiat
638 772 860 869 Imperator,
885 790 966 841 eum
988 787 1129 863 rogant.
1146 820 1173 861 „
1209 770 1413 868 Deinceps,
1432 771 1516 846 οᾶο
1535 772 1623 871 Pagi
1642 774 1770 850 Ponti·

456 875 557 967 ficii,
594 895 667 943 non
694 870 810 942 minus
830 869 914 938 huic
934 868 1051 958 malO,
1078 868 1132 937 uti
1151 866 1233 964 ipsis
1250 870 1439 941 videbatur
1456 871 1608 945 consilio
1625 874 1770 950 obviam

332 982 341 997 ¹
456 974 530 1062 ire,
564 991 715 1063 eamque
743 968 778 1037 in
806 989 879 1039 rem
906 964 1031 1036 itidem
1061 965 1330 1038 memorabilem
1358 968 1399 1039 ad
1418 969 1608 1044 Bernenses
1627 973 1770 1046 mittere

457 1067 685 1167 Epistolam,
727 1064 800 1136 cui*
819 1083 936 1136 tamen
967 1062 1161 1133 admodum
1189 1066 1347 1158 graviter
1374 1064 1583 1162 respondere
1610 1070 1769 1143 Bernen·

456 1169 507 1245 ses
528 1168 577 1262 (a)
598 1188 670 1237 non
689 1163 943 1259 negligebant:
971 1161 1014 1230 In
1033 1158 1105 1256 ipsa
1125 1160 1287 1256 Epistola
1304 1182 1344 1233 ut
1362 1162 1406 1232 ab
1424 1164 1588 1249 instituto
1603 1166 1770 1244 desistant

456 1263 670 1353 Bernenles,
697 1286 757 1334 eos
778 1262 966 1331 hortantur
982 1256 1130 1353 reliqui:
1159 1258 1504 1332 Commonefaeiunt
1521 1285 1580 1335 eos
1598 1262 1678 1335 initi
1697 1263 1770 1339 foe·

456 1365 550 1437 deris
578 1383 687 1457 atque
714 1355 807 1454 paui
829 1356 904 1451 (b):
942 1357 1133 1451 Repetunt
1152 1380 1296 1453 quoque
1316 1357 1608 1453 Disputationem
1628 1363 1768 1436 Baden·

455 1461 550 1555 sem,
585 1461 689 1553 cujus
715 1456 780 1554 ipsi
809 1453 941 1527 fuerint
969 1453 1132 1546 inprimis
1152 1456 1188 1526 be
1207 1453 1382 1527 Anuores
1400 1458 1436 1529 ἃ
1456 1456 1677 1546 laudatores3
1705 1484 1769 1532 ne·

456 1583 525 1656 que
554 1558 662 1629 licere
688 1556 753 1626 ulli
781 1550 921 1649 populo
939 1549 1066 1621 dicunt
1083 1569 1146 1621 aut
1166 1554 1389 1646 provinciae,
1415 1553 1566 1627 formam
1586 1558 1770 1654 religionis

454 1677 566 1752 atque
591 1651 766 1727 dourinae
790 1671 948 1738 mutare,
974 1645 1031 1718 sed
1052 1647 1122 1725 hoc
1140 1649 1184 1720 ad
1204 1651 1315 1723 totius
1333 1651 1430 1723 orbis
1448 1655 1626 1749 pertinere
1644 1657 1770 1728 conci-

455 1754 561 1826 lium.
603 1748 742 1843 Orant,
776 1772 821 1819 ne
848 1766 987 1819 tantum
1017 1746 1052 1814 in
1078 1743 1276 1819 se‘-facinus
1299 1749 1495 1844 recipiant,
1521 1775 1588 1823 nec
1606 1752 1626 1824 ὲ
1647 1755 1770 1849 paucis

458 1849 596 1948 aliquot
622 1849 799 1938 externis,
836 1847 871 1916 in
890 1866 1044 1915 errorem
1065 1839 1098 1914 se
1116 1841 1247 1917 abduci
1270 1847 1471 1940 patiantur,
1498 1847 1555 1921 sed
1573 1850 1609 1922 in
1626 1875 1666 1922 ea
1684 1851 1769 1923 reli·

456 1938 567 2044 ⁰gione
586 1963 849 2055 permaneant,
862 1965 967 2040 quam
989 1937 1077 2035 ipsa,
1094 1964 1199 2037 quarn
1220 1942 1377 2052 ipsorum
1397 1968 1557 2040 parentes
1575 1968 1682 2044 atque
1692 1973 1768 2021 ma-

344 2046 345 2049 ’
451 2049 549 2143 jures
572 2045 813 2134 observarint,
839 2065 877 2112 rn
895 2065 965 2136 qua
982 2059 1116 2110 tantam
1136 2043 1290 2113 nominis
1308 2043 1458 2139 gloriam
1477 2045 1596 2140 adepti
1617 2045 1708 2138 fint,
1731 2049 1769 2120 in

454 2143 619 2245 qua-suos
639 2143 725 2215 fines
742 2140 784 2212 ad
803 2164 885 2212 eum
905 2135 1053 2209 modum
1072 2139 1348 2234 amplificarint,
1368 2142 1405 2211 in
1423 2164 1492 2236 qua
1509 2144 1617 2216 toties
1636 2143 1770 2220 fuerint

454 2241 620 2314 vidiores.
662 2240 825 2336 AEquum
851 2235 940 2326 elle,
973 2254 1016 2306 ut
1043 2234 1115 2306 hoc
1139 2236 1183 2306 ab
1211 2237 1294 2332 ipsis
1312 2240 1506 2334 impetrent
1516 2273 1529 2325 3
1561 2238 1611 2311 lin
1629 2243 1769 2337 minus,

454 2359 531 2414 turn
559 2337 650 2411 illud
678 2338 775 2435 quod
803 2337 848 2409 de
875 2354 957 2408 tuto
984 2333 1111 2404 itinere
1137 2353 1283 2430 petant,
1318 2358 1390 2406 non
1413 2335 1446 2406 se
1464 2336 1563 2430 polle
1580 2340 1769 2433 polliceri,

453 2437 536 2526 sed,
567 2436 633 2506 ubi
658 2437 703 2504 de
721 2432 877 2527 personis
894 2430 1158 2529 cognoverint,
1180 2432 1360 2525 judicium
1379 2452 1486 2528 arque
1503 2432 1681 2509 deledium
1699 2435 1769 2512 effe
1822 2435 1825 2442 ’

453 2532 625 2609 fasturos.
669 2530 745 2603 lllis
772 2528 939 2628 quidem,
974 2530 1035 2626 qui
1063 2550 1177 2623 nuper
1201 2528 1244 2601 ad
1272 2527 1447 2603 abbionem
1472 2531 1687 2626 Badenlem,
1713 2535 1769 2608 in·

455 2628 628 2728 terposrta
651 2628 723 2702 fide
742 2629 885 2719 vocati,
912 2651 984 2699 non
1003 2627 1189 2720 venerint,
1216 2629 1253 2702 &
1273 2629 1402 2723 partim
1421 2627 1619 2704 diffidentia
1637 2634 1768 2730 partim

455 2749 645 2803 contemtu
673 2728 827 2825 quodam
857 2724 1098 2817 emanserint,
1142 2727 1239 2800 nolle
1264 2726 1298 2799 se
1324 2750 1449 2799 cavere
1476 2729 1656 2826 deinceps.
1707 2731 1768 2804 Ad

449 2828 559 2921 haec,
593 2850 709 2924 neque
735 2825 769 2898 se
786 2848 986 2921 quenquam
1007 2820 1052 2895 eb
1071 2825 1238 2921 mittere,
1264 2848 1379 2921 neque
1395 2824 1462 2898 suis
1480 2847 1522 2900 ut
1539 2823 1583 2898 eb
1602 2826 1768 2923 proficis·

455 2947 605 3019 cantur,
640 2924 732 2997 velle
750 2923 970 2996 concedere:
999 2921 1069 2995 Sed
1089 2922 1179 2995 nihil
1197 2925 1250 2997 his
1268 2924 1448 2997 commoti
1466 2923 1657 2998 Bernenses
1675 2949 1768 3000 mas·

454 3022 537 3100 cule
555 3022 789 3120 respondent:
833 3023 976 3117 „Rem
998 3019 1261 3115 Christianam,
1285 3021 1431 3120 salutem
1450 3026 1670 3117 animarum,
1699 3026 1767 3098 Pa·
1796 3038 1798 3041 ⁴

454 3176 481 3220 „
500 3148 579 3197 cem
607 3123 717 3219 Reip,
745 3120 806 3193 hic
825 3122 906 3216 agi,
933 3116 1086 3216 ideoque
1104 3117 1125 3191 a
1143 3121 1206 3195 suo
1224 3119 1411 3218 propolito
1428 3121 1461 3195 le
1479 3148 1551 3196 non
1570 3123 1668 3218 polle
1686 3125 1768 3197 ullis

454 3274 481 3316 „
500 3221 695 3297 rationibus
721 3221 896 3292 revocari.
915 3269 943 3308 „
986 3220 1178 3315 Repetunt
1205 3224 1312 3294 etiam
1331 3220 1511 3319 superiora
1529 3220 1706 3318 postulata
1722 3221 1767 3293 de

452 3321 637 3486 mifittendis
672 3319 827 3415 legatis,
871 3333 977 3410 atque
1004 3314 1047 3387 de
1074 3316 1202 3391 itinere
1230 3338 1312 3392 tuto
1341 3320 1543 3415 praestando
1571 3317 1768 3413 peregrinis

454 3436 491 3490 et
522 3442 571 3488 rn.

500 3511 641 3585 Eodem
669 3532 834 3607 tempore
863 3511 956 3582 inter
976 3507 1141 3583 Clericos
1159 3512 1238 3608 agri
1258 3514 1430 3605 Bernenstr
1449 3507 1646 3604 permultos
1664 3506 1767 3585 fuille

453 3608 680 3703 accepimus,
699 3611 760 3704 qui
779 3608 935 3704 seposito
954 3628 1052 3680 metu
1073 3607 1118 3680 de
1136 3632 1249 3681 uxore
1265 3605 1668 3703 ducendacogitabant3
1688 3610 1767 3683 Alii

453 3727 575 3796 erant,
608 3706 669 3799 qui
698 3706 847 3780 honesto
874 3708 987 3779 amori
1013 3706 1177 3802 equidem
1208 3706 1455 3801 obtemperare
1483 3703 1674 3800 volebant,
1707 3707 1768 3782 sed

453 3802 689 3880 timidiusculi
709 3801 828 3900 primi>
848 3807 985 3878 veniam
1004 3829 1079 3903 equs
1098 3808 1147 3878 rei
1167 3824 1336 3903 expetere
1353 3802 1653 3899 aggrediebantur
1670 3808 1765 3903 apud

451 3904 628 3980 summum
658 3900 942 3997 Magistratum
981 3903 1034 3977 At
1060 3901 1149 3979 verb
1174 3896 1203 3977 is
1229 3927 1273 3977 ne
1299 3902 1419 3977 minus
1442 3901 1664 3979 confideratd
1689 3932 1767 3979 rem

1088 4028 1090 4032 ·
1519 3999 1528 4017 ’
1590 4008 1593 4041 ¹
1681 4026 1763 4101 gra·

489 4155 545 4297 pa)
571 4147 754 4250 Utriusque
778 4144 872 4226 liujus
890 4144 1046 4247 ‚Epispbae
1069 4152 1254 4232 exemplum
1277 4148 1426 4251 habemns
1452 4150 1482 4214 in
1507 4146 1562 4212 Cl.
1582 4145 1768 4214 SCHEU·

455 4229 1171 4399 berraalrllsr‘azaarr:
1187 4234 1235 4320 ἡ·
1260 4233 1434 4386 ebe:
1450 4250 1741 4338 rer-⁴⁴¹·
1868 4262 1870 4266 ·
