4442 5150
502 614 572 720 328
691 612 1076 692 HISTORIA
1122 610 1566 689 EVANGELII
1649 613 1817 717 Ans-26.

505 747 761 846 Sangarinus,
786 768 907 846 egerat
926 741 1011 819 verb
1025 746 1099 841 jam
1122 745 1166 815 A.
1181 767 1242 841 ¹5¹
1255 765 1283 838 3.
1302 742 1397 842 apud
1415 744 1817 843 Memmingenseseon·

508 848 751 937 donatorem,
786 849 870 942 qui,
904 867 988 916 cum
1011 845 1086 914 vita
1105 843 1141 915 &
1161 843 1320 914 moribus
1338 841 1551 938 praeslobat,
1577 864 1655 917 tum
1675 847 1746 918 oris
1763 845 1817 920 fa·

508 945 639 1016 cundia
662 964 769 1040 arque
798 941 966 1040 fingulori
993 941 1030 1010 in
1057 940 1306 1010 concionando
1334 941 1461 1035 peritia
1478 935 1634 1012 multirm
1654 943 1818 1039 valebat,

507 1039 754 1137 praeteresque
771 1063 843 1112 non
861 1039 1018 1134 vulgaris
1037 1061 1103 1132 pro
1123 1036 1243 1108 indole
1262 1037 1406 1107 illorum
1424 1057 1629 1133 tempotum
1641 1041 1820 1115 eratdoc·

508 1139 635 1229 trinae,
660 1161 765 1235 quam
784 1135 857 1233 ipse
874 1156 993 1208 tamen
1009 1129 1098 1205 adeo
1119 1159 1242 1229 parurn
1261 1133 1477 1225 aestimabar,
1503 1155 1545 1207 ut
1562 1135 1690 1232 saepius
1707 1142 1818 1214 etiam

508 1236 723 1332 conquestus
750 1236 859 1308 suerit
885 1233 918 1305 se
944 1254 1087 1327 operam
1110 1229 1306 1326 'perdidisse
1332 1233 1368 1302 in
1394 1233 1494 1305 tricis
1521 1232 1738 1309 scholasticis
1755 1238 1820 1311 ad·

509 1333 684 1406 discendis
703 1355 808 1426 atque
825 1334 863 1403 in
883 1329 1131 1402 Aristotelis&
1146 1332 1239 1400 Petri
1254 1327 1449 1400 Lombnrdi
1467 1331 1692 1429 aliorumque
1701 1334 1819 1409 Sebo-

511 1427 714 1504 laslicorum
736 1430 882 1525 ,scriptis
910 1427 1063 1499 terendis
1090 1426 1366 1522 nugivendulis,
1393 1427 1478 1498 dum
1498 1429 1631 1502 intereo
1649 1432 1819 1530 Scriptu-

507 1550 583 1600 ram
603 1531 744 1601 Sacram
765 1525 953 1622 nequidem
974 1522 1140 1595 haetenus
1159 1521 1316 1620 legisset,
1342 1547 1508 1620 vetaeque
1526 1525 1615 1599 adeo
1634 1529 1820 1627 religionis

508 1623 648 1720 prorsus
665 1624 782 1698 fuisset
799 1647 925 1719 expers
936 1622 999 1714 (a).
1027 1621 1060 1692 ls
1078 1621 1217 1714 itaque,
1238 1645 1320 1692 cum
1340 1623 1525 1694 exoriente
1537 1623 1616 1697 luce
1629 1625 1819 1724 Evangelii

508 1714 665 1795 animum
695 1723 914 1818 Evangelica
937 1720 1088 1791 veritate
1115 1715 1322 1810 imbuisset,
1357 1742 1423 1790 nec
1451 1721 1539 1791 illud
1568 1742 1687 1796 tamen
1709 1727 1820 1799 animi

506 1818 618 1892 robur
635 1820 935 1917 praesentisceret,
962 1815 1058 1912 quod
1078 1816 1184 1886 variis
1201 1814 1354 1886 adversae
1374 1815 1530 1889 lortunae
1549 1817 1720 1895 llusltbus
1738 1847 1821 1919 per·

506 1911 657 1989 ferendis
685 1941 747 2012 par
767 1916 874 2006 esset,
899 1914 943 1984 de
962 1913 1200 2007 relinquendis
1221 1913 1590 2010 Memmingensrbus,
1616 1919 1709 2013 apud
1728 1942 1820 2015 quos

509 2013 700 2110 Evangelii
720 2013 836 2085 hostes
855 2011 959 2082 variis
976 2010 1142 2106 quotidie
1160 2009 1316 2082 disieriis
1335 2009 1448 2105 ipsum
1469 2015 1601 2108 pariter
1610 2036 1716 2111 atque
1725 2019 1820 2090 veri·

509 2130 617 2182 tatem
637 2136 702 2205 pro
720 2108 888 2208 suggestu
908 2106 1145 2198 incessebant,
1166 2107 1199 2178 se
1217 2109 1361 2178 illorum
1380 2111 1567 2183 acerbitati
1584 2109 1821 2206 subduslurut

507 2209 696 2280 consilium
717 2206 905 2280 volvebat:
928 2204 1044 2277 Amor
1061 2201 1148 2276 vero
1166 2225 1274 2302 atque
1295 2203 1477 2302 fingulatis
1493 2232 1565 2305 quo
1585 2210 1621 2283 itt
1631 2234 1712 2284 eutn
1724 2212 1822 2288 cives

507 2303 713 2379 ferebantur
737 2305 839 2378 favor
864 2301 1090 2393 efficiebant,
1123 2321 1164 2373 ut
1184 2305 1332 2375 Senatus
1350 2328 1492 2378 omnem
1511 2327 1653 2380 navaret
1665 2334 1694 2382 ὀ
1722 2334 1819 2385 etam

508 2427 591 2477 eum
611 2405 806 2497 retinendi,
824 2403 929 2500 seque
947 2402 1067 2475 omnia
1084 2400 1122 2472 in
1131 2401 1207 2496 ejus
1218 2402 1457 2496 patrocinium
1469 2401 1645 2478 faciurum
1702 2431 1820 2504 epro-

509 2503 690 2576 mitteret:
727 2502 824 2596 Quae
852 2520 905 2573 res
931 2523 1024 2571 anno
1049 2501 1126 2594 ejus
1153 2498 1260 2570 seculi
1278 2503 1428 2595 vicestmo
1440 2500 1678 2594 secundatum
1697 2528 1820 2605 agere·
1845 2583 1848 2588 ,

508 2617 589 2692 tur,
616 2601 644 2673 is
661 2602 804 2698 quidem
822 2601 917 2692 votis
934 2599 1089 2694 ipsorum
1110 2595 1272 2669 adsentiri
1291 2595 1347 2668 sed
1365 2622 1404 2670 ea
1421 2600 1501 2698 lege
1519 2622 1561 2674 ut
1579 2605 1677 2698 prius
1694 2605 1757 2678 sibi
1776 2604 1821 2678 li·

508 2719 606 2771 ceret
626 2701 660 2771 in
680 2701 828 2796 patriam
848 2720 932 2769 cum
951 2696 1018 2769 suis
1038 2694 1246 2768 consulturo
1266 2692 1470 2792 proficisci,
1490 2699 1589 2794 quod
1608 2701 1646 2776 &
1662 2725 1823 2776 annuen-

509 2794 606 2870 tibus
648 2792 996 2892 Memmingensrbus
1038 2793 1089 2864 est
1114 2791 1269 2866 fadum.
1319 2794 1579 2902 Selilappelerus
1613 2800 1733 2971 itaque
1766 2800 1823 2874 uti

508 2894 696 2990 Zwinglio
715 2915 790 2968 erat
807 2888 1054 2979 amicissimus,
1081 2891 1227 2962 iratum
1247 2913 1390 2988 quoque
1409 2892 1649 2991 sangallenses
1679 2922 1744 2972 uos
1764 2898 1821 2991 (b)

508 2989 659 3087 primi),
702 2991 870 3087 deinceps
901 2987 1127 3085 Zwinglium
1158 2986 1305 3061 invisere
1328 3010 1437 3085 atque
1463 3014 1546 3063 curn
1573 3016 1619 3065 eo
1645 2995 1690 3068 de
1715 2994 1823 3070 rebus

509 3088 614 3159 variis
640 3088 825 3178 conferre,
857 3085 976 3183 sicque
1003 3084 1229 3180 rlZwinglio
1247 3087 1409 3181 accipere
1429 3087 1465 3159 ὃ(
1486 3086 1550 3184 ipsi
1571 3089 1718 3165 vicissim
1738 3092 1825 3166 dare

509 3184 687 3271 confilias
733 3187 868 3258 Redux
901 3204 1019 3257 autem
1055 3184 1096 3255 ad
1127 3185 1431 3281 Memmingenses
1456 3205 1563 3278 atque
1590 3188 1682 3258 haud
1710 3187 1827 3282 pauli>

508 3281 621 3357 scelus
648 3282 919 3373 confidentior,
964 3305 1002 3354 en
1028 3278 1192 3377 profiteri
1220 3282 1368 3353 nonest
1395 3282 1551 3368 ueritus,
1585 3304 1668 3376 quae
1696 3308 1823 3358 mona·

508 3385 584 3457 eltis
612 3389 664 3473 (c)
699 3382 735 3455 &
762 3380 996 3470 sacrificulis,
1039 3404 1193 3477 quorum
1221 3378 1411 3451 culinis&
1439 3376 1623 3459 ventribus
1650 3379 1744 3454 male
1774 3382 1823 3458 fic

509 3482 786 3570 consulebatur,
820 3480 928 3551 bilem
955 3498 1174 3568 moverunt,
1210 3493 1425 3571 trucemque
1445 3498 1568 3545 eorum
1598 3477 1683 3548 iram
1712 3480 1749 3551 in
1777 3483 1822 3553 il·
1889 3532 1909 3546 .

508 3579 582 3651 lum
618 3582 877 3672 concitarunt,
923 3576 1008 3654 dum
1044 3598 1089 3648 cx
1118 3571 1262 3648 adverso
1289 3575 1390 3645 avide
1415 3572 1491 3668 ejus
1517 3571 1693 3649 sermones
1720 3580 1821 3651 cxci·

1631 3717 1640 3734 .
1676 3705 1682 3712 ‚
1742 3676 1821 3773 pie·

508 3897 514 3914 ·
552 3863 600 3940 (a)
634 3857 805 3938 Erregium
839 3864 877 3927 de
910 3861 1148 3927 Reformatione
1179 3855 1427 3937 Memmingenfi
1453 3853 1619 3920 Libellum
1641 3854 1822 3942 consctlpfit

510 3939 646 4008 Doclisl'.
674 3944 1060 4013 SCHELHORNIUS
1095 3945 1202 4024 lingua
1232 3940 1425 4005 Gertnauica
1455 3942 1576 4005 editum
1606 3936 1820 4024 Memmingae

510 4043 602 4109 1730.
620 4025 649 4090 8.
674 4031 703 4094 in
721 4052 788 4114 quo
806 4031 829 4092 is
847 4030 1041 4117 Scbappeleri
1058 4030 1153 4094 noslri
1170 4026 1297 4091 causam
1314 4024 1470 4109 precipui:
1487 4026 1559 4108 agit.

547 4116 599 4194 (b)
628 4114 795 4195 Apud‘lros
814 4114 901 4258 qqod
919 4114 1140 4179 concionando
1157 4128 1227 4177 tum
1243 4129 1375 4194 quoque
1388 4112 1456 4189 jam
1472 4110 1822 4189 veritatempromove·

504 4195 562 4274 rit,
586 4216 703 4262 enarrat
721 4196 825 4267 HOT
850 4194 1087 4263 'lNGERUS
1108 4198 1207 4261 Helu.
1225 4196 1267 4260 K.
1287 4196 1331 4259 G.
1347 4214 1417 4277 port.
1430 4191 1500 4257 128.
1523 4194 1562 4257 od
1581 4191 1773 4272 Ann.1523.

544 4284 596 4364 (c)
624 4284 686 4348 vid.
706 4276 1018 4349 SCHELHORN.
1044 4280 1204 4348 Amoeuit.
1229 4278 1361 4363 Litetar,
1384 4277 1564 4358 Toruvl.
1583 4286 1741 4359 pag-319.
1807 4304 1818 4336 .-
