4442 5150
413 647 609 744 nasia„
744 590 1386 722 annonari.
1653 678 1727 759 255
1842 711 1862 729 ,

410 781 683 856 bibonensium
701 780 751 873 (a)
771 797 948 864 caverent3
968 828 970 833 ·
987 778 1120 874 Neque
1139 775 1226 852 verb
1246 781 1315 853 hoc
1333 775 1471 876 solitm,
1497 783 1553 859 sed
1573 787 1610 862 &
1628 787 1723 865 suam

411 877 561 952 invisere
583 878 755 951 dioecesrn
776 876 1071 974 aggrediebatur,
1096 898 1138 949 ut
1157 896 1258 948 tanto
1277 881 1456 974 curatius,
1482 907 1566 955 num
1584 884 1605 957 ai
1622 885 1655 959 se
1668 888 1723 958 'la-

410 976 457 1050 tis
483 996 647 1073 parerent
674 975 835 1071 legibus,
868 976 1114 1070 experiretur3
1153 979 1203 1047 ilt
1231 971 1340 1068 verb,
1368 1001 1451 1049 cum
1472 982 1513 1053 ad
1532 982 1724 1062 Bernenset

411 1097 523 1170 usque
543 1073 743 1170 progressus
762 1073 866 1165 esset,
894 1093 970 1144 turn
990 1073 1050 1165 hi,
1067 1095 1266 1169 quanquam
1285 1075 1391 1146 etiam
1413 1077 1612 1175 Evangelio
1631 1106 1723 1154 non·

409 1171 496 1246 dum
524 1169 629 1267 plane}
656 1170 857 1266 adstipulari
884 1170 1018 1262 essent,
1057 1188 1175 1242 tamen
1200 1174 1277 1266 ejus
1304 1175 1551 1249 conaminibus
1579 1179 1722 1253 obicem

438 1293 575 1360 onere,
618 1289 724 1364 atquc
750 1294 794 1342 ne
818 1268 994 1365 ejusmodi
1022 1267 1179 1338 visitatio
1207 1268 1243 1338 in
1270 1267 1328 1340 sua
1354 1271 1440 1343 urbe
1467 1271 1568 1347 fieret
1596 1277 1721 1372 prohi-

409 1293 494 1440 bete
513 1367 581 1460 (b).
596 1435 601 1444 „
615 1367 723 1461 ‘Quae
752 1391 803 1440 res
829 1369 884 1439 uti
904 1367 1019 1461 prima
1037 1364 1253 1438 dissensionis
1276 1366 1369 1440 illius
1387 1371 1480 1440 inter
1500 1370 1722 1469 Episcopum

410 1465 657 1539 &Beruenses
677 1467 839 1539 continet
856 1464 1005 1554 semina,
1030 1465 1079 1535 ita
1096 1462 1161 1559 ipsi
1181 1462 1447 1552 Reformationi
1466 1467 1632 1541 Beruenst
1653 1472 1724 1548 fuit

409 1561 599 1658 proficua,
617 1562 718 1634 fimul
738 1560 826 1635 verb
846 1563 974 1653 ctiam,
993 1581 1034 1634 ut
1052 1560 1254 1660 Episcopus
1269 1563 1438 1660 deinceps
1455 1563 1522 1662 suo=
1531 1590 1723 1645 exueretur

409 1660 643 1759 episcopatu,
669 1657 803 1734 effecit.

458 1759 846 1832 MULHUSANOS
867 1756 942 1828 hoc·
956 1755 1082 1829 eodem
1101 1779 1194 1829 anno
1213 1781 1295 1830 cum
1316 1761 1451 1833 Ulnicns
1467 1763 1641 1837 Hactenus
1659 1789 1723 1860 pet

409 1853 792 1953 aliquotrnensesapud
806 1853 898 1951 ipsos
908 1853 1101 1927 versaretur
1112 1855 1188 1948 (c),
1206 1876 1404 1950 atquecum
1416 1858 1619 1953 Augustino
1631 1863 1722 1938 Cre·
1844 1940 1846 1944 ,

409 1971 532 2046 mero,
550 1955 696 2050 aliisque
713 1980 758 2027 ex
778 1950 967 2025 nobilitate
984 1970 1091 2048 atquc
1106 1956 1211 2025 etiarn
1230 1953 1439 2049 quibusdam
1457 1979 1501 2026 ex
1521 1958 1619 2030 clero
1635 1985 1723 2035 con·
1768 1975 1771 1989 '

410 2049 485 2125 salia
502 2052 704 2145 conferret,
731 2051 999 2126 Reformationi
1015 2048 1287 2123 faventilsrmum
1307 2051 1546 2149 promulgasse
1564 2056 1722 2134 edictam

409 2147 446 2221 d.
471 2173 525 2223 rt..
546 2151 674 2228 Martii
704 2152 941 2248 nequicquam
960 2149 1284 2244 oggannientibus,
1310 2152 1557 2246 populumque
1574 2157 1615 2225 ad
1634 2156 1723 2228 sedi·

411 2246 547 2321 tionem
565 2247 741 2323 cientibus
759 2244 1023 2346 sacerdotibus,
1049 2245 1087 2320 ὃ(
1101 2244 1232 2319 frustrit
1249 2249 1633 2324 excommunicationis
1651 2253 1724 2326 sul·

1642 2375 1725 2424 men

410 2480 416 2515 2
450 2468 501 2547 (a)
526 2464 752 2529 RUCHAT.
775 2463 822 2528 T.
841 2464 866 2528 1.
881 2483 919 2545 p.
934 2460 1004 2526 186.
1031 2461 1187 2527 HOTT.
1206 2461 1304 2526 Helu.
1321 2462 1368 2526 Κ.
1384 2461 1429 2528 G.
1447 2462 1560 2548 prasi.
1580 2485 1650 2547 ¹29·
1674 2464 1724 2534 Ex

408 2546 453 2612 liis
477 2548 557 2612 verb
576 2563 675 2630 patet,
699 2549 729 2613 id
747 2550 835 2631 quod
853 2566 920 2630 pag.
934 2565 1004 2626 241.
1026 2545 1095 2625 jain
1112 2547 1266 2626 diximus,
1289 2565 1365 2612 eum
1381 2546 1413 2612 iu
1426 2546 1537 2616 favore
1553 2570 1627 2636 erga
1642 2552 1726 2619 veri·

410 2646 507 2696 tatem
526 2628 749 2715 Evangelicam
767 2654 824 2697 nec
844 2633 973 2695 fidelem
989 2629 1078 2694 fuisse
1094 2651 1154 2694 uec
1170 2630 1377 2695 constantem.
1491 2681 1493 2686 .
1702 2678 1704 2681 -

412 2791 416 2796 ,
452 2718 505 2795 (b)
530 2716 616 2780 couf.
643 2714 946 2781 SPALATIN.
973 2715 1002 2779 'n
1020 2712 1108 2778 Diar.
1127 2713 1234 2779 MSS.
1256 2736 1274 2779 a
1295 2715 1338 2778 ud
1355 2712 1668 2784 SCHELHORN.
1691 2721 1724 2785 iu

408 2797 569 2872 Amoenit.
596 2800 704 2872 literar,
730 2798 765 2864 P.
786 2801 847 2864 lV.
872 2822 901 2883 p.
917 2795 990 2880 408.
1030 2795 1243 2882 „Episcopus
1262 2737 1293 2862 d
1311 2797 1421 2863 Ptiuce
1443 2819 1456 2863 s
1475 2797 1722 2886 Lausannenfis,

384 2932 431 2968 .„
448 2886 503 2968 qui
527 2884 580 2948 diu
604 2885 644 2949 iu
659 2883 813 2948 Helvetiis
840 2882 1034 2966 tyrannidem
1058 2895 1256 2963 exercuerat,
1288 2880 1317 2946 ln
1342 2821 1493 2967 oppitbiin
1513 2882 1621 2948 Bernae
1640 2886 1722 2951 Hel·

408 2969 608 3053 „vetiorum
638 2969 782 3033 vicinum
814 2968 924 3046 venit,
961 2966 1027 3030 illic
1052 2965 1180 3031 Senatui
1205 2966 1377 3049 Bernenli,
1416 2967 1526 3052 quise
1550 2984 1722 3037 venturum
1819 3029 1821 3032 .
1869 2983 1872 2991 “

407 3100 431 3136 ,,
449 3054 628 3136 nunciaret,
659 3055 760 3133 mint,
791 3065 825 3114 ut
849 3072 939 3115 more
963 3051 1057 3116 solito
1080 3051 1260 3116 venientem
1276 3052 1463 3135 exciperent.
1502 3051 1589 3117 Mox
1608 3055 1722 3122 condo

408 3137 566 3220 „Senatu
591 3140 716 3203 rursum
739 3134 915 3200 transmisso
939 3133 1100 3199 tabellario
1120 3134 1167 3228 ²lic
1192 3135 1426 3219 rescripserunt:
1457 3136 1538 3203 Vide
1561 3162 1599 3200 ne
1616 3138 1659 3199 ad
1671 3163 1724 3204 not

409 3268 431 3304 „
448 3223 536 3285 velut
561 3223 714 3307 Princeps
739 3221 857 3282 venias.
906 3218 1040 3299 Placet,
1079 3222 1245 3282 advenias
1270 3237 1307 3283 ut
1331 3220 1520 3308 Episcopus,
1554 3239 1590 3283 ut
1614 3222 1724 3303 relidas

408 3354 430 3389 „
441 3323 584 3393 purpura
608 3309 690 3368 nobis
716 3305 844 3367 verbum
870 3301 1104 3387 Evangelizes:
1135 3302 1274 3366 nolumus
1297 3322 1420 3387 antem,
1443 3323 1479 3367 ut
1495 3305 1672 3390 tyrannides
1688 3306 1723 3367 in

336 3442 339 3448 ,
409 3438 432 3471 „
449 3406 516 3451 tuos
541 3391 718 3475 coepiscopos
737 3388 777 3461 {9³
794 3388 1049 3474 sympreshyteras
1072 3409 1226 3448 exerceas.
1265 3388 1391 3475 Alioqui
1414 3389 1497 3449 enim
1518 3383 1635 3458 nonnifi
1646 3409 1724 3470 gra·

409 3517 431 3554 „
450 3472 490 3614 qi
503 3472 638 3554 periculo
662 3492 714 3536 tuo
739 3472 871 3534 accedes.
913 3471 1066 3554 Quorum
1082 3469 1192 3533 animis
1210 3471 1344 3553 coguitis
1361 3470 1460 3533 ilatlln
1477 3467 1658 3533 Lausanam
1672 3490 1722 3535 re·

473 3567 513 3615 rit.

410 3602 433 3637 ”
451 3638 502 3717 (e)
529 3600 558 3696 i'.
577 3635 823 3704 noranta.
847 3638 946 3703 ueri.
970 3636 1012 3701 rc.
1033 3634 1077 3700 G.
1101 3658 1132 3719 ρ.
1147 3633 1216 3698 na.
1250 3634 1383 3700 aeone
1403 3630 1581 3698 euasit.
1604 3632 1664 3719 up.
1680 3636 1722 3703 aa

410 3719 610 3787 Goclenium
636 3742 706 3801 quie
731 3721 880 3805 praemissa
905 3722 947 3785 est
970 3720 1095 3785 editioni
1123 3717 1335 3799 Londinenfi,
1362 3718 1416 3800 qui
1432 3718 1581 3802 equidem
1597 3719 1721 3805 scribit,

408 3855 432 3890 ,‚
450 3806 538 3890 quod
557 3804 716 3867 Huttenus
734 3805 826 3870 fuerit
842 3806 956 3870 invisus
974 3803 1176 3870 Milthusatiis
1193 3803 1361 3883 omnibus,
1384 3817 1438 3884 ut,
1461 3802 1515 3867 nist
1531 3804 1653 3888 abisset,
1677 3806 1727 3871 ci·

409 3940 431 3976 ‚,
449 3910 503 3953 ves
521 3889 628 3953 ntinati
646 3886 760 3951 fuerint
775 3889 805 3953 se
819 3906 1019 3973 perrupturos
1037 3885 1271 3953 Monallerium
1289 3886 1587 4034 Augustineufium,
1610 3892 1641 3953 in
1655 3911 1731 3973 quo,
1782 3927 1790 3942 ›

408 4024 431 4057 „
450 3975 602 4051 latitabat,
635 3971 745 4034 favore
770 3972 942 4037 secretarii.
961 4022 984 4054 „
1022 3968 1085 4037 Sed
1110 3974 1168 4054 ita,
1194 3985 1229 4034 ut
1244 3968 1353 4033 infellu
1386 3970 1457 4053 ejus
1472 3972 1502 4037 in
1520 3972 1721 4057 Huttenum,

411 4080 448 4123 ex
474 4076 538 4124 tota
562 4059 615 4121 illa
639 4054 768 4139 epistola
789 4057 983 4122 collucescat
1006 4056 1156 4133 attintus3
1189 4069 1423 4138 praeterquam,
1456 4057 1544 4139 quod
1567 4058 1633 4122 baec
1657 4056 1723 4120 Re·
1798 4083 1801 4088 ¹

409 4143 555 4209 formatio
581 4146 762 4206 inultorum
787 4140 864 4202 iram
890 4141 1008 4221 cieret,
1044 4154 1139 4221 atque
1163 4137 1620 4225 indignationem-incurreret,
1650 4160 1724 4224 qun

411 4231 506 4309 paulo
531 4245 636 4293 tamen
660 4223 746 4309 post,
799 4222 913 4286 rovido
930 4223 1131 4314 Magistratus
1147 4239 1227 4292 nutu
1241 4222 1401 4311 consopita
1414 4226 1545 4293 fuerunt
1558 4241 1654 4310 atque
1669 4245 1739 4311 ιιι-χ

411 4309 637 4397 uitussepulta.
669 4308 761 4376 conf.
812 4303 1169 4394 OTT.l.'c.p.119.
1272 4330 1273 4334 ¹
1356 4324 1359 4331 ’
