4442 5150
436 661 510 738 174
626 629 1009 714 HISTORIA
1052 629 1495 710 EVANGELII
1574 635 1744 738 murz&

313 774 321 788 “
436 771 546 873 Apud
565 796 626 846 eos
644 791 786 862 autem,
811 766 939 864 quibus
956 763 1090 933 alipuid
1111 763 1217 838 resiae
1236 769 1365 840 mentis
1382 767 1562 860 erat,lsta
1578 771 1745 872 supersti-

434 875 491 947 tio
517 895 600 945 curn
626 867 802 966 ejusmodi
826 864 985 963 patronis
1018 864 1070 934 uis
1089 860 1301 957 vilescebat,
1328 867 1366 941 δι
1385 865 1528 941 tantiam
1546 893 1621 944 non
1634 874 1746 950 etiam
1814 911 1819 921 ·

436 971 480 1043 iis
506 969 617 1057 locis,
651 965 714 1037 ubi
736 984 885 1060 regnum
907 981 1025 1031 tenere
1043 958 1256 1054 videbatur,
1282 961 1413 1037 foetere
1430 966 1639 1064 incipiebat.
1682 971 1746 1050 Sic

434 1068 531 1140 enim
554 1063 805 1162 judicabatur,
839 1075 973 1130 tantam
1002 1055 1186 1129 libidinem
1206 1082 1248 1131 ac
1267 1059 1450 1135 licentiam
1469 1067 1665 1139 mentiendi
1684 1070 1746 1143 iis·

434 1165 516 1237 dem
537 1163 573 1232 in
591 1161 715 1232 animis
733 1179 817 1229 cum
838 1156 972 1252 pietate
991 1153 1149 1226 habitare
1168 1155 1271 1227 simul
1290 1180 1361 1229 non
1381 1159 1502 1256 posse,
1528 1164 1567 1237 dc
1587 1163 1658 1237 fine
1677 1166 1746 1238 du·

334 1306 338 1313 ·
434 1259 497 1333 bio
520 1255 689 1332 vitiosum
708 1255 744 1327 id
761 1250 850 1344 else,
876 1250 975 1346 quod
995 1250 1123 1323 talibus
1143 1254 1350 1347 patrociniis
1366 1280 1458 1352 opus
1475 1259 1634 1334 haberet.
1675 1265 1747 1338 At·
1851 1263 1857 1271 “

433 1379 505 1456 que
530 1356 601 1428 hoc
627 1351 741 1449 ipsum
768 1350 924 1446 primum
948 1347 1128 1444 judicium
1149 1348 1283 1423 multos
1299 1350 1411 1447 porrb
1429 1354 1471 1425 ad
1491 1356 1746 1452 inquirendum

432 1455 471 1526 in
488 1477 562 1527 rem
580 1450 687 1549 ipsam
708 1451 745 1522 dc
765 1444 1016 1521 inveniendum
1036 1468 1160 1518 verum
1181 1444 1394 1522 stimulabat.
1420 1450 1508 1546 Qua
1523 1456 1661 1529 ratione
1678 1456 1746 1531 fie·

432 1550 517 1642 bat,
551 1569 593 1622 ut
618 1542 854 1622 Luarentiana
881 1543 918 1616 ὅ(
945 1546 1137 1616 Reinrrarra
1163 1545 1328 1641 ingenia,
1362 1545 1451 1622 dum
1476 1549 1608 1627 fulcire
1624 1557 1745 1653 papis·

431 1671 533 1721 mum
561 1646 691 1719 talibus
718 1643 833 1716 modis
861 1638 1053 1736 impensrbs
1078 1639 1270 1733 volebant,
1304 1640 1411 1719 latius
1436 1671 1519 1722 eum
1546 1654 1585 1723 in
1606 1653 1747 1727 ruinam

434 1745 620 1818 traxerint.
664 1746 800 1815 Ulrr'cus
825 1758 943 1812 autem
966 1738 1022 1810 vir
1039 1739 1160 1835 magni
1178 1737 1336 1838 bonique
1353 1747 1533 1841 nominis,
1557 1768 1599 1821 ut
1615 1752 1747 1824 verita·

432 1843 479 1916 tis
496 1843 660 1914 notitiam
680 1862 763 1911 cum
786 1836 918 1909 fincera
934 1837 1068 1931 pietate
1086 1858 1339 1932 promoveret,
1357 1836 1435 1912 aeta
1448 1845 1624 1941 colloquii
1638 1848 1747 1943 hujus

431 1938 505 2034 ipse
524 1935 708 2033 descripsit
727 1938 800 2027 (a),
832 1933 1102 2030 Epistolamque
1120 1932 1373 2007 dedicatoriam
1392 1937 1436 2008 ad
1449 1942 1612 2034 juniores
1627 1948 1759 2016 comi.-

432 2055 508 2126 tes,
533 2034 689 2106 Edzardi
709 2032 826 2124 filios,
850 2050 1024 2128 cognatos
1043 2028 1144 2122 suos,
1162 2031 1353 2103 narrationi
1371 2035 1567 2130 praemisit:
1594 2038 1632 2110 in
1645 2041 1745 2115 calce

430 2130 519 2206 verb
534 2131 713 2204 Themata
729 2130 891 2224 quaedam
910 2129 1054 2225 papanis
1072 2125 1259 2226 opposita,
1277 2129 1455 2227 imprimis
1472 2135 1517 2206 de
1525 2133 1745 2230 justificatio·

430 2255 471 2304 ne
489 2228 621 2322 nostri,
647 2228 691 2301 de
708 2229 818 2299 unico
835 2226 1014 2303 mediatore
1032 2250 1071 2298 ac
1088 2227 1266 2298 redemtore
1283 2228 1496 2323 hominum,
1516 2234 1747 2330 &capitibus

433 2325 605 2400 similibus
630 2324 805 2423 subjecit,
837 2347 879 2397 ac
906 2324 1051 2397 demum
1073 2324 1256 2396 coronidis
1274 2323 1358 2398 loco
1379 2327 1644 2403 insesiationem
1662 2337 1746 2407 uni·

430 2423 521 2498 versi
533 2425 682 2498 Ordinis
701 2422 965 2497 cucullatorum
985 2446 1057 2494 non
1074 2422 1275 2494 nitaminus
1287 2424 1473 2520 improba,
1491 2451 1595 2525 quam
1608 2428 1746 2503 dustri-

431 2545 477 2595 na
504 2523 613 2621 impia
638 2519 801 2620 probrosa
825 2520 1088 2618 superaddidit,
1114 2522 1305 2618 omniaque
1322 2524 1552 2625 Witebergarrt
1570 2525 1669 2602 missa
1685 2547 1745 2627 ty·

431 2623 488 2717 pis
514 2620 644 2695 excudi
666 2621 829 2714 curavit,
854 2620 980 2693 eodem
999 2619 1115 2692 adhuc
1135 2618 1271 2693 fluente
1289 2644 1404 2716 anno,
1430 2649 1503 2724 quo
1522 2650 1574 2699 res
1593 2625 1662 2700 suit
1679 2650 1745 2727 ge·

430 2718 502 2792 sta:
539 2719 626 2813 Qua
651 2717 730 2793 sane
756 2743 863 2811 cura,
897 2740 940 2792 ut
964 2717 1060 2790 aliud
1079 2714 1264 2793 adsecutus
1280 2720 1372 2793 nihil
1392 2720 1436 2795 fit
1453 2723 1502 2796 ob
1521 2724 1589 2796 stili
1608 2725 1745 2799 rudita-

429 2819 660 2915 tem'(armis
687 2819 781 2891 enim
810 2840 915 2913 quam
943 2815 1055 2888 literis
1082 2817 1198 2912 major
1223 2818 1318 2903 erat)
1346 2822 1574 2913 popularium
1601 2820 1744 2894 suorum

428 2918 565 2988 multos
585 2914 793 2987 lraefitantes
821 2914 1020 2996 excitavit,
1055 2929 1097 2984 ut
1124 2935 1169 3003 pa
1198 2913 1286 2981 ismo
1313 2914 1455 3005 abjesio
1473 2922 1566 2984 viam
1584 2920 1745 2989 veritatis

428 3011 668 3105 sequerentur.
713 3010 788 3078 Hic
813 3005 949 3079 studius
971 3002 1153 3096 jactantiae
1170 2936 1420 3078 laurentianae
1440 3008 1523 3081 suit.

480 3107 567 3177 Erat
585 3105 652 3175 isto
670 3122 834 3194 tempore
853 3099 1073 3172 incoenobio
1085 3100 1329 3172 Dominicano
1339 3104 1433 3197 apud
1446 3104 1643 3181 Nordanos
1655 3110 1743 3185 Mo·

430 3202 564 3273 nachus
591 3199 703 3271 literis
729 3195 892 3293 apprime
909 3197 1074 3283 exultus,
1101 3199 1267 3271 Inrnricus
1286 3200 1491 3276 RESIUS.
1535 3204 1569 3276 Is
1588 3205 1624 3276 in
1643 3208 1744 3284 libris

429 3296 555 3390 sacris,
589 3297 627 3371 dc
651 3293 790 3391 scriptis
817 3296 964 3367 Patrum
991 3289 1162 3386 assiduus,
1192 3297 1228 3370 &
1250 3297 1324 3391 ipso
1342 3304 1557 3395 certamine,
1583 3305 1680 3397 quod
1700 3309 1744 3382 de

429 3396 606 3496 religione
629 3413 725 3484 erat,
755 3394 955 3482 excitatus,
981 3416 1022 3464 ac
1041 3395 1210 3485 Lutheri,
1236 3400 1526 3472 Melanchrhonis.
1552 3403 1743 3502 Zwinglr'r',

429 3494 677 3591 Oecrlampadb'
700 3490 1008 3565 lucubrationibus
1025 3490 1130 3564 editis
1147 3491 1313 3589 adjutus,
1340 3496 1477 3568 Verum
1497 3499 1603 3570 etiam
1622 3502 1744 3576 videre

428 3616 616 3688 coeperata
640 3594 677 3666 δι
692 3594 767 3688 jam
786 3593 822 3663 in
834 3588 1083 3664 Concionibus
1102 3588 1366 3685 superstitiones
1385 3595 1531 3692 impias,
1560 3598 1597 3671 dc
1616 3599 1744 3674 crassos

428 3715 564 3765 errores
592 3692 628 3762 in
654 3690 816 3785 papismo
843 3684 1033 3787 grassantes
1060 3687 1221 3761 modest&
1249 3690 1416 3785 taxabat,
1449 3695 1484 3764 in
1507 3692 1672 3769 sodalitio
1689 3718 1743 3770 ta·

428 3811 511 3861 tnen
533 3787 733 3886 gregalium
752 3786 896 3860 suorum
916 3785 954 3860 ὃ(
973 3783 1117 3857 cuculla
1134 3786 1311 3890 manebat.
1355 3790 1463 3863 Oden
1480 3790 1568 3866 verb
1588 3794 1742 3868 Germa·

429 3886 550 3960 nicam
575 3885 619 3958 de
637 3885 784 3979 mysterio
802 3884 1007 3981 eucharistie
1023 3882 1224 3981 elegantem
1243 3889 1437 3986 concepit,
1463 3890 1500 3965 ἕ(
1518 3915 1607 3965 mox
1624 3889 1645 3962 d
1663 3893 1742 3964 col·

1602 3990 1742 4084 doquio

431 4126 522 4273 co(a)
548 4124 658 4225 Quam
686 4039 797 4194 Dari
818 4128 940 4195 tionem
958 4142 1033 4228 'ante
1057 4148 1174 4214 paucos
1198 4147 1296 4194 annos
1320 4129 1433 4196 iterum
1457 4134 1551 4198 edidit
1574 4145 1668 4233 atque
1683 4134 1741 4201 suo

430 4209 1357 4368 a„ldsllsaffsolsm'bellirssbbllls·ilis*
1377 4218 1506 4367 sss'f·
1529 4214 1659 4297 [Μ
1676 4218 1743 4285 ¹³²·
