4442 5150
436 657 603 754 Aurea.
767 651 1498 730 RENOVATI.·
1673 675 1745 761 265

436 790 521 884 pagi
551 784 643 879 apud
670 783 786 881 Tugior
812 784 1044 857 comitiorum
1069 784 1185 879 gratia
1209 785 1422 883 congregati
1444 785 1660 885 legationem
1679 794 1741 866 de·

435 905 587 956 cernunt
613 883 655 955 ad
683 883 910 979 Tigurinos,
946 878 1188 976 Scaphusanos
1215 883 1252 954 δ(
1280 884 1588 958 tibbatiscellanos
1608 889 1658 982 (a)
1678 893 1740 988 qui

436 980 680 1076 Scaphusanos
708 982 743 1052 &
771 978 1079 1050 Abbatiscellanos
1096 978 1140 1048 ab
1159 977 1323 1052 instituto
1341 978 1556 1059 reformandi
1574 986 1741 1065 dehorta-

434 1100 585 1167 rentur,
627 1075 816 1170 Tigurinis
843 1072 929 1147 veri)
955 1075 1214 1169 exprobrarent
1239 1077 1463 1149 commissum
1490 1079 1739 1178 sacrilegium,

435 1175 535 1266 Quid
550 1176 723 1270 Tigurini
743 1193 819 1243 tum
839 1171 1105 1268 responderint,
1123 1173 1208 1243 alibi
1220 1174 1274 1265 (b)
1295 1171 1314 1244 ai
1333 1175 1436 1246 nobis
1449 1175 1738 1272 estexpolituma

436 1270 779 1344 SCAPHUSANl
802 1272 875 1366 jam
905 1268 1193 1358 Reformarioni,
1227 1270 1307 1364 poll
1328 1272 1495 1344 ultimum
1515 1275 1604 1346 illud
1623 1278 1743 1350 collo·

434 1370 558 1464 quium
587 1370 832 1463 Tigurinum,
866 1366 908 1436 ad
935 1369 1030 1461 quod
1057 1365 1136 1437 suos
1155 1366 1318 1438 miserant
1343 1369 1500 1464 legatos,
1526 1370 1740 1450 faventiores

433 1488 554 1552 erant;
583 1467 635 1535 Hi
655 1466 748 1535 enim
768 1466 914 1533 domum
936 1460 1084 1552 reversi,
1105 1462 1240 1535 ‘Abbati
1260 1465 1296 1536 ὅ(
1315 1467 1457 1560 reliquis
1471 1468 1664 1543 Canonicis
1682 1473 1738 1546 in·

432 1563 657 1650 dicaverant,
682 1562 896 1651 „neminem
917 1583 1027 1630 unum
1045 1583 1090 1631 ex
1109 1561 1275 1633 omnibus
1294 1564 1355 1656 qui
1374 1565 1539 1656 aderant,
1557 1591 1594 1638 re
1621 1588 1740 1644 ertum

432 1711 459 1752 „
478 1657 599 1751 fuisse,
634 1661 696 1752 qui
724 1658 760 1729 S.
781 1657 979 1750 Scripturae
1007 1656 1095 1728 locis
1122 1657 1159 1728 &
1188 1656 1321 1730 idoneis
1347 1665 1563 1756 argumentis
1582 1592 1743 1743 tiemari.

434 1807 461 1848 „
480 1756 652 1851 Zwinglii
678 1753 836 1826 refellere
856 1754 1036 1848 potuerit,
1055 1804 1081 1845 „
1118 1775 1158 1824 ut
1177 1778 1248 1826 non
1267 1753 1377 1827 modo
1396 1757 1517 1831 Abbas
1535 1759 1606 1856 ipse
1623 1761 1679 1835 sed
1700 1763 1740 1840 dc

433 1857 596 1926 Erarnrur
621 1856 776 1924 Ritterur
797 1851 848 1939 (c)
872 1851 932 1945 qui
957 1850 1142 1945 hucusque
1160 1875 1288 1948 magna
1306 1877 1388 1924 cum
1407 1857 1630 1931 vehementia
1648 1863 1742 1957 pris-

434 1976 494 2023 cos
515 1953 601 2022 ritus
620 1949 953 2037 commendaverat,
971 1946 1099 2020 abinde
1117 1952 1264 2022 mutatis
1283 1951 1439 2024 consiliis
1457 1953 1659 2052 Evangelio
1677 1959 1740 2032 ad·

433 2047 609 2122 haeserint.
652 2049 704 2119 Hi
733 2050 852 2139 iraque
871 2069 953 2116 cum
973 2043 1008 2116 d.
1028 2068 1145 2117 xvrrr.
1161 2047 1316 2143 Augusti
1334 2049 1510 2124 solennem
1530 2055 1742 2150 recepissent

432 2146 672 2242 legationem,
699 2143 855 2216 breviter
877 2143 1093 2237 reliquorum
1115 2166 1291 2239 pagorum
1311 2146 1437 2243 legatis
1455 2148 1667 2244 respondisse
1685 2153 1741 2227 di.

333 2226 342 2250 “
434 2262 585 2315 cuntur:
622 2294 648 2334 „
668 2243 713 2314 Se
732 2241 774 2312 ad
791 2264 832 2312 ea
850 2262 930 2334 quae
951 2241 1078 2335 reliqui
1096 2243 1180 2335 pagi
1199 2265 1406 2334 monerent,
1432 2271 1505 2318 non
1522 2247 1590 2320 else
1608 2248 1741 2324 diffici-

432 2388 459 2433 ‚,
480 2342 548 2412 les:
577 2341 612 2413 S.
625 2341 803 2430 Coenam,
821 2334 1107 2428 Consessronem,
1127 2338 1319 2435 Virginem
1340 2342 1529 2436 Deiparam
1549 2347 1643 2441 apud
1661 2347 1743 2423 suos

429 2489 457 2531 „
476 2463 547 2510 non
558 2435 711 2532 despici:
735 2433 901 2527 Missam,
921 2432 1241 2532 Quadragesrmas,
1260 2433 1622 2530 etsrm.nonaboleri;
1645 2445 1739 2520 lma·

431 2589 457 2629 „
477 2539 577 2631 gines
597 2533 695 2604 nulla
711 2529 806 2605 affici
824 2533 1063 2624 contumelia,
1082 2533 1168 2628 quin
1185 2556 1304 2605 earum
1324 2535 1592 2613 demolitionem
1607 2540 1640 2615 se
1655 2567 1741 2640 pro·

432 2685 460 2724 „
482 2628 651 2721 hibuille,
676 2654 873 2726 quanquam
892 2629 953 2702 ubi
964 2631 1051 2727 quis
1070 2628 1089 2700 a
1107 2629 1302 2723 majoribus
1320 2632 1386 2704 suis
1405 2635 1550 2710 donatas
1568 2640 1743 2737 imagines

433 2778 460 2822 „
478 2752 522 2800 ex
552 2728 695 2824 templis
717 2728 897 2800 sustollere
917 2726 1025 2819 velit,
1051 2726 1087 2797 id
1108 2725 1173 2823 ipsi
1192 2730 1327 2823 praevia
1345 2730 1511 2805 Consulis
1530 2734 1743 2813 ausioritate

433 2826 710 2922 „permittatur
738 2824 805 2919 (d).
849 2824 999 2897 Inutiles
1027 2824 1192 2921 quasdam
1219 2826 1428 2901 cerimonias
1448 2827 1516 2902 else
1532 2830 1741 2929 abrogatas,

433 2978 462 3018 „
480 2949 559 3018 quae
586 2922 628 2995 ad
647 2924 786 2996 cultum
806 2947 878 2995 non
897 2921 1077 3015 facerent,
1103 2947 1257 3021 quaeque
1274 2947 1318 2996 ne
1337 2927 1372 2997 in
1390 2927 1574 3000 Clrrillum
1592 2932 1743 3010 unicum

430 3075 457 3117 „
478 3026 704 3097 Servatorem
717 3018 980 3094 Satissasiorem
991 3021 1028 3096 ἃ
1039 3019 1298 3095 Redemtorem
1315 3022 1447 3098 fiducia
1464 3028 1567 3122 plene
1579 3029 1741 3107 colloca·

431 3173 458 3215 ,‚
476 3144 593 3213 retur,
620 3120 858 3215 impedirent,
887 3119 1003 3214 Seque
1021 3120 1132 3214 adeo,
1158 3119 1183 3192 sr
1203 3121 1263 3216 qui
1281 3122 1388 3195 etiarn
1407 3126 1576 3199 restarent
1593 3127 1740 3225 abusus,

432 3220 520 3307 „ad
546 3244 607 3292 eos
632 3216 809 3289 tollendos
836 3213 903 3287 else
929 3215 1120 3290 admodum
1141 3219 1343 3315 proclivem
1363 3274 1390 3312 „
1433 3224 1574 3297 Interea
1592 3222 1678 3297 vero
1696 3224 1742 3301 de

432 3317 605 3390 Eccleliae
632 3312 908 3387 Reformatione
934 3314 1028 3411 apud
1054 3314 1146 3409 ipsos
1172 3313 1262 3389 serio
1289 3321 1400 3415 magis
1421 3341 1498 3393 tum
1517 3319 1586 3392 fuit
1604 3319 1739 3393 delibe·

434 3434 549 3483 ratum
571 3412 634 3503 (e).
661 3410 966 3507 Oecolampadius
984 3414 1167 3506 praecipue
1185 3413 1229 3485 de
1247 3414 1357 3486 modo
1376 3416 1638 3486 reformationis
1652 3439 1741 3489 con·

291 3540 293 3543 ·
434 3508 570 3578 sulitnr.
613 3509 762 3580 Senatus
780 3528 821 3580 ut
839 3505 1084 3579 ausloritatem
1105 3508 1198 3580 suam
1217 3510 1441 3603 interponat,
1468 3529 1627 3604 rogatur.
1661 3514 1741 3587 Ab·

430 3603 494 3683 ,bas
522 3606 558 3677 δε
578 3604 708 3701 reliqui
723 3605 889 3679 monachi
908 3604 1122 3775 monastelqiq
1140 3606 1393 3705 egrediuntur,
1418 3605 1596 3704 abjiciunt
1614 3611 1741 3783 cupul-

1679 3734 1740 3807 os,

478 3884 526 3963 (a)
552 3901 583 3943 v.
603 3879 720 3941 Introd.
738 3884 826 3962 noslr.
853 3883 882 3964 d.
901 3882 1069 3949 CXXlll.
1093 3906 1123 3968 p.
1140 3880 1212 3965 308.

478 3969 529 4047 (b)
555 3964 641 4028 conf.
662 3962 909 4031 HOTTlNG.
928 3968 1026 4031 Helv.
1046 3968 1086 4031 Κ.
1108 3968 1152 4030 G.
1176 3989 1204 4050 p.
1218 3979 1286 4041 171.
1311 3965 1341 4030 dt
1361 3963 1430 4031 181.
1455 3971 1692 4042 &HOSP1N.
1708 3975 1740 4041 fri

435 4051 554 4118 Hillor.
568 4048 715 4112 Sacram.
733 4046 813 4111 Part.
826 4049 868 4112 ll.
887 4050 945 4113 iol.
958 4070 1006 4129 24.
1031 4048 1255 4115 RUCHAT.
1273 4069 1302 4133 p.
1314 4070 1385 4134 254,
1404 4072 1476 4135 255.
1727 4095 1731 4102 -

438 4159 441 4164 ·
476 4138 527 4216 (c)
553 4135 616 4197 vid.
635 4153 705 4211 quae
723 4130 811 4215 supra
850 4151 938 4212 .259.
963 4135 1107 4198 diximus.

475 4220 527 4298 (d)
555 4213 804 4295 HOTTlNG.
864 4220 928 4278 elv.
953 4217 995 4282 K.
1016 4211 1196 4304 G.¹p.182.

474 4304 524 4382 (e)
550 4294 800 4369 SCULTET.
823 4293 907 4363 Dec.
926 4297 951 4363 l.
975 4319 1006 4386 p.
1023 4318 1091 4394 ²²⁸.
1251 4385 1254 4392 Ι
