<?xml version="1.0" encoding="UTF-8"?>
<!DOCTYPE html PUBLIC "-//W3C//DTD XHTML 1.0 Transitional//EN"
    "http://www.w3.org/TR/xhtml1/DTD/xhtml1-transitional.dtd">
<html xmlns="http://www.w3.org/1999/xhtml" xml:lang="en" lang="en">
 <head>
  <title>
</title>
<meta http-equiv="Content-Type" content="text/html;charset=utf-8" />
  <meta name='ocr-system' content='tesseract 3.04.00' />
  <meta name='ocr-capabilities' content='ocr_page ocr_carea ocr_par ocr_line ocrx_word'/>
</head>
<body>
  <div class='ocr_page' id='page_1' title='image "./introductioinhi01gerdgoog_0196.png"; bbox 0 0 4442 5150; ppageno 0'>
   <div class='ocr_carea' id='block_1_1' title="bbox 456 597 1771 713">
    <p class='ocr_par' dir='ltr' id='par_1_1' title="bbox 456 597 1771 713">
     <span class='ocr_line' id='line_1_1' title="bbox 456 597 1771 713; baseline 0.017 -42"><span class='ocrx_word' id='word_1_1' title='bbox 456 624 537 707; x_wconf 64' lang='lat'>,72</span> <span class='ocrx_word' id='word_1_2' title='bbox 654 597 1528 684; x_wconf 75' lang='lat' dir='ltr'>utstonrsnvnuoutrt</span> <span class='ocrx_word' id='word_1_3' title='bbox 1603 609 1771 713; x_wconf 65' lang='lat' dir='ltr'>anes.</span> 
     </span>
    </p>
   </div>
   <div class='ocr_carea' id='block_1_2' title="bbox 450 729 1884 2976">
    <p class='ocr_par' dir='ltr' id='par_1_2' title="bbox 450 729 1884 2976">
     <span class='ocr_line' id='line_1_2' title="bbox 465 729 1772 833; baseline 0.005 -18"><span class='ocrx_word' id='word_1_4' title='bbox 465 754 597 817; x_wconf 82' lang='lat' dir='ltr'>tarent.</span> <span class='ocrx_word' id='word_1_5' title='bbox 639 729 740 814; x_wconf 90' lang='lat' dir='ltr'>Nam</span> <span class='ocrx_word' id='word_1_6' title='bbox 766 761 807 811; x_wconf 87' lang='lat' dir='ltr'>ca</span> <span class='ocrx_word' id='word_1_7' title='bbox 823 736 1115 833; x_wconf 84' lang='lat' dir='ltr'>vicinia,.culpa-</span> <span class='ocrx_word' id='word_1_8' title='bbox 1126 735 1270 811; x_wconf 90' lang='lat' dir='ltr'>suorum</span> <span class='ocrx_word' id='word_1_9' title='bbox 1288 738 1531 832; x_wconf 83' lang='lat' dir='ltr'>sacerdotum,</span> <span class='ocrx_word' id='word_1_10' title='bbox 1557 743 1594 815; x_wconf 91' lang='lat' dir='ltr'>in</span> <span class='ocrx_word' id='word_1_11' title='bbox 1610 742 1772 823; x_wconf 88' lang='lat' dir='ltr'>sordibus</span> 
     </span>
     <span class='ocr_line' id='line_1_3' title="bbox 454 830 1772 934; baseline 0.005 -22"><span class='ocrx_word' id='word_1_12' title='bbox 454 837 623 934; x_wconf 76' lang='lat' dir='ltr'>¹l&#39;apisrni</span> <span class='ocrx_word' id='word_1_13' title='bbox 650 856 728 909; x_wconf 90' lang='lat' dir='ltr'>tum</span> <span class='ocrx_word' id='word_1_14' title='bbox 757 833 927 932; x_wconf 88' lang='lat' dir='ltr'>temporis</span> <span class='ocrx_word' id='word_1_15' title='bbox 943 830 1061 906; x_wconf 86' lang='lat' dir='ltr'>adhuc</span> <span class='ocrx_word' id='word_1_16' title='bbox 1079 835 1250 908; x_wconf 83' lang='lat' dir='ltr'>haerebat.</span> <span class='ocrx_word' id='word_1_17' title='bbox 1295 837 1346 909; x_wconf 86' lang='lat' dir='ltr'>At</span> <span class='ocrx_word' id='word_1_18' title='bbox 1364 837 1582 912; x_wconf 82' lang='lat' dir='ltr'>Laurentius</span> <span class='ocrx_word' id='word_1_19' title='bbox 1598 842 1664 915; x_wconf 89' lang='lat' dir='ltr'>hac</span> <span class='ocrx_word' id='word_1_20' title='bbox 1683 868 1772 918; x_wconf 89' lang='lat' dir='ltr'>con·</span> 
     </span>
     <span class='ocr_line' id='line_1_4' title="bbox 466 933 1770 1033; baseline 0.005 -26"><span class='ocrx_word' id='word_1_21' title='bbox 466 934 573 1009; x_wconf 91' lang='lat' dir='ltr'>cione</span> <span class='ocrx_word' id='word_1_22' title='bbox 598 935 829 1007; x_wconf 80' lang='lat' dir='ltr'>vehementer</span> <span class='ocrx_word' id='word_1_23' title='bbox 852 950 1080 1023; x_wconf 89' lang='lat' dir='ltr'>commotus,</span> <span class='ocrx_word' id='word_1_24' title='bbox 1115 933 1166 1005; x_wconf 84' lang='lat' dir='ltr'>ira</span> <span class='ocrx_word' id='word_1_25' title='bbox 1190 933 1336 1029; x_wconf 88' lang='lat' dir='ltr'>plenus,</span> <span class='ocrx_word' id='word_1_26' title='bbox 1361 955 1402 1006; x_wconf 92' lang='lat' dir='ltr'>ut</span> <span class='ocrx_word' id='word_1_27' title='bbox 1420 937 1655 1033; x_wconf 86' lang='lat' dir='ltr'>ignominiam</span> <span class='ocrx_word' id='word_1_28' title='bbox 1674 941 1770 1015; x_wconf 89' lang='lat' dir='ltr'>dele·</span> 
     </span>
     <span class='ocr_line' id='line_1_5' title="bbox 464 1025 1772 1127; baseline 0.006 -23"><span class='ocrx_word' id='word_1_29' title='bbox 464 1053 544 1124; x_wconf 87' lang='lat' dir='ltr'>ret,</span> <span class='ocrx_word' id='word_1_30' title='bbox 564 1031 750 1104; x_wconf 72' lang='lat' dir='ltr'>Thamara</span> <span class='ocrx_word' id='word_1_31' title='bbox 767 1051 879 1125; x_wconf 88' lang='lat' dir='ltr'>pauca</span> <span class='ocrx_word' id='word_1_32' title='bbox 897 1025 1108 1125; x_wconf 83' lang='lat' dir='ltr'>conscripsit</span> <span class='ocrx_word' id='word_1_33' title='bbox 1126 1029 1198 1120; x_wconf 87' lang='lat' dir='ltr'>(a),</span> <span class='ocrx_word' id='word_1_34' title='bbox 1224 1029 1462 1127; x_wconf 75' lang='lat' dir='ltr'>jadlavirque,</span> <span class='ocrx_word' id='word_1_35' title='bbox 1490 1034 1772 1112; x_wconf 88' lang='lat' dir='ltr'>Oldershemum</span> 
     </span>
     <span class='ocr_line' id='line_1_6' title="bbox 455 1124 1775 1224; baseline 0.004 -20"><span class='ocrx_word' id='word_1_36' title='bbox 455 1125 503 1204; x_wconf 71' lang='lat' dir='ltr'>ss</span> <span class='ocrx_word' id='word_1_37' title='bbox 522 1129 681 1218; x_wconf 92' lang='lat' dir='ltr'>iturum,</span> <span class='ocrx_word' id='word_1_38' title='bbox 716 1128 754 1198; x_wconf 92' lang='lat'>&amp;</span> <span class='ocrx_word' id='word_1_39' title='bbox 780 1126 824 1197; x_wconf 90' lang='lat' dir='ltr'>de</span> <span class='ocrx_word' id='word_1_40' title='bbox 850 1125 903 1196; x_wconf 92' lang='lat' dir='ltr'>his</span> <span class='ocrx_word' id='word_1_41' title='bbox 921 1144 1048 1196; x_wconf 89' lang='lat' dir='ltr'>contra</span> <span class='ocrx_word' id='word_1_42' title='bbox 1066 1124 1268 1198; x_wconf 90' lang='lat' dir='ltr'>Henricurn</span> <span class='ocrx_word' id='word_1_43' title='bbox 1289 1129 1326 1201; x_wconf 70' lang='grc' dir='ltr'>ὅ(</span> <span class='ocrx_word' id='word_1_44' title='bbox 1344 1130 1490 1224; x_wconf 86' lang='lat' dir='ltr'>quosvis</span> <span class='ocrx_word' id='word_1_45' title='bbox 1508 1130 1596 1204; x_wconf 90' lang='lat' dir='ltr'>alios</span> <span class='ocrx_word' id='word_1_46' title='bbox 1613 1130 1635 1204; x_wconf 72' lang='lat' dir='ltr'>d</span> <span class='ocrx_word' id='word_1_47' title='bbox 1651 1133 1685 1207; x_wconf 89' lang='lat' dir='ltr'>sc</span> <span class='ocrx_word' id='word_1_48' title='bbox 1702 1138 1775 1210; x_wconf 87' lang='lat' dir='ltr'>dis·</span> 
     </span>
     <span class='ocr_line' id='line_1_7' title="bbox 463 1217 1773 1323; baseline 0.006 -25"><span class='ocrx_word' id='word_1_49' title='bbox 463 1223 673 1316; x_wconf 88' lang='lat' dir='ltr'>sentientes,</span> <span class='ocrx_word' id='word_1_50' title='bbox 699 1221 803 1294; x_wconf 86' lang='lat' dir='ltr'>ill-bic</span> <span class='ocrx_word' id='word_1_51' title='bbox 821 1217 967 1318; x_wconf 74' lang='lat' dir='ltr'>publice</span> <span class='ocrx_word' id='word_1_52' title='bbox 986 1219 1272 1316; x_wconf 81' lang='lat' dir='ltr'>disputaturum,</span> <span class='ocrx_word' id='word_1_53' title='bbox 1293 1224 1316 1294; x_wconf 89' lang='lat' dir='ltr'>sr</span> <span class='ocrx_word' id='word_1_54' title='bbox 1337 1226 1381 1297; x_wconf 92' lang='lat' dir='ltr'>de</span> <span class='ocrx_word' id='word_1_55' title='bbox 1399 1225 1471 1300; x_wconf 88' lang='lat' dir='ltr'>side</span> <span class='ocrx_word' id='word_1_56' title='bbox 1488 1228 1633 1323; x_wconf 88' lang='lat' dir='ltr'>publica</span> <span class='ocrx_word' id='word_1_57' title='bbox 1647 1230 1690 1305; x_wconf 88' lang='lat' dir='ltr'>ab</span> <span class='ocrx_word' id='word_1_58' title='bbox 1701 1232 1773 1305; x_wconf 93' lang='lat' dir='ltr'>Ul·</span> 
     </span>
     <span class='ocr_line' id='line_1_8' title="bbox 451 1317 1772 1414; baseline 0.008 -21"><span class='ocrx_word' id='word_1_59' title='bbox 451 1322 542 1394; x_wconf 82' lang='lat' dir='ltr'>·rico</span> <span class='ocrx_word' id='word_1_60' title='bbox 569 1322 862 1411; x_wconf 87' lang='lat' dir='ltr'>Dornumanno,</span> <span class='ocrx_word' id='word_1_61' title='bbox 897 1320 959 1413; x_wconf 91' lang='lat' dir='ltr'>qui</span> <span class='ocrx_word' id='word_1_62' title='bbox 987 1317 1217 1392; x_wconf 81' lang='lat' dir='ltr'>Oldershemi</span> <span class='ocrx_word' id='word_1_63' title='bbox 1243 1320 1446 1414; x_wconf 83' lang='lat' dir='ltr'>habitabat,</span> <span class='ocrx_word' id='word_1_64' title='bbox 1481 1324 1545 1397; x_wconf 82' lang='lat' dir='ltr'>fibi</span> <span class='ocrx_word' id='word_1_65' title='bbox 1573 1349 1772 1404; x_wconf 87' lang='lat' dir='ltr'>caveretur.</span> 
     </span>
     <span class='ocr_line' id='line_1_9' title="bbox 462 1415 1772 1520; baseline 0.007 -29"><span class='ocrx_word' id='word_1_66' title='bbox 462 1416 550 1513; x_wconf 78' lang='lat' dir='ltr'>Qua</span> <span class='ocrx_word' id='word_1_67' title='bbox 579 1417 650 1490; x_wconf 89' lang='lat' dir='ltr'>stne</span> <span class='ocrx_word' id='word_1_68' title='bbox 675 1441 774 1489; x_wconf 88' lang='lat' dir='ltr'>mora</span> <span class='ocrx_word' id='word_1_69' title='bbox 801 1415 1010 1512; x_wconf 87' lang='lat' dir='ltr'>impetrata,</span> <span class='ocrx_word' id='word_1_70' title='bbox 1039 1421 1129 1506; x_wconf 84' lang='lat' dir='ltr'>(erat</span> <span class='ocrx_word' id='word_1_71' title='bbox 1153 1418 1248 1488; x_wconf 92' lang='lat' dir='ltr'>enim</span> <span class='ocrx_word' id='word_1_72' title='bbox 1268 1421 1403 1492; x_wconf 81' lang='lat' dir='ltr'>Uiritus</span> <span class='ocrx_word' id='word_1_73' title='bbox 1427 1439 1469 1493; x_wconf 88' lang='lat' dir='ltr'>ut</span> <span class='ocrx_word' id='word_1_74' title='bbox 1487 1423 1591 1496; x_wconf 91' lang='lat' dir='ltr'>rebus</span> <span class='ocrx_word' id='word_1_75' title='bbox 1608 1423 1714 1520; x_wconf 84' lang='lat' dir='ltr'>gestis</span> <span class='ocrx_word' id='word_1_76' title='bbox 1733 1428 1772 1502; x_wconf 78' lang='lat' dir='ltr'>dt</span> 
     </span>
     <span class='ocr_line' id='line_1_10' title="bbox 452 1512 1884 1618; baseline 0.007 -31"><span class='ocrx_word' id='word_1_77' title='bbox 452 1551 455 1555; x_wconf 96' lang='lat'>·</span> <span class='ocrx_word' id='word_1_78' title='bbox 492 1539 595 1588; x_wconf 86' lang='lat' dir='ltr'>encre</span> <span class='ocrx_word' id='word_1_79' title='bbox 623 1515 759 1605; x_wconf 88' lang='lat' dir='ltr'>clarus,</span> <span class='ocrx_word' id='word_1_80' title='bbox 794 1536 839 1584; x_wconf 91' lang='lat' dir='ltr'>ex</span> <span class='ocrx_word' id='word_1_81' title='bbox 863 1513 973 1583; x_wconf 89' lang='lat' dir='ltr'>amita</span> <span class='ocrx_word' id='word_1_82' title='bbox 990 1512 1143 1584; x_wconf 89' lang='lat' dir='ltr'>Edzardi</span> <span class='ocrx_word' id='word_1_83' title='bbox 1163 1535 1381 1610; x_wconf 85' lang='lat' dir='ltr'>prognatus,</span> <span class='ocrx_word' id='word_1_84' title='bbox 1407 1516 1458 1589; x_wconf 89' lang='lat' dir='ltr'>ita</span> <span class='ocrx_word' id='word_1_85' title='bbox 1477 1516 1593 1593; x_wconf 87' lang='lat' dir='ltr'>studio</span> <span class='ocrx_word' id='word_1_86' title='bbox 1610 1524 1772 1618; x_wconf 87' lang='lat' dir='ltr'>aperien-</span> <span class='ocrx_word' id='word_1_87' title='bbox 1881 1602 1884 1608; x_wconf 70' lang='grc'><em>,</em></span> 
     </span>
     <span class='ocr_line' id='line_1_11' title="bbox 451 1536 1778 1720; baseline 0.007 -35"><span class='ocrx_word' id='word_1_88' title='bbox 451 1536 520 1686; x_wconf 49' lang='lat' dir='ltr'>5ae</span> <span class='ocrx_word' id='word_1_89' title='bbox 539 1613 852 1708; x_wconf 85' lang='lat' dir='ltr'>propagandaeque</span> <span class='ocrx_word' id='word_1_90' title='bbox 868 1608 1041 1681; x_wconf 89' lang='lat' dir='ltr'>Veritatis</span> <span class='ocrx_word' id='word_1_91' title='bbox 1059 1609 1194 1682; x_wconf 87' lang='lat' dir='ltr'>divinae</span> <span class='ocrx_word' id='word_1_92' title='bbox 1213 1612 1375 1707; x_wconf 85' lang='lat' dir='ltr'>inprimis</span> <span class='ocrx_word' id='word_1_93' title='bbox 1391 1611 1565 1706; x_wconf 87' lang='lat' dir='ltr'>fervidus)</span> <span class='ocrx_word' id='word_1_94' title='bbox 1584 1621 1684 1692; x_wconf 91' lang='lat' dir='ltr'>venit</span> <span class='ocrx_word' id='word_1_95' title='bbox 1702 1619 1778 1720; x_wconf 74' lang='lat' dir='ltr'>ipse&#39;</span> 
     </span>
     <span class='ocr_line' id='line_1_12' title="bbox 451 1706 1773 1809; baseline 0.008 -28"><span class='ocrx_word' id='word_1_96' title='bbox 451 1709 741 1782; x_wconf 74' lang='lat' dir='ltr'>roldershemum</span> <span class='ocrx_word' id='word_1_97' title='bbox 769 1729 852 1779; x_wconf 90' lang='lat' dir='ltr'>cum</span> <span class='ocrx_word' id='word_1_98' title='bbox 880 1707 1053 1802; x_wconf 84' lang='lat' dir='ltr'>parastata</span> <span class='ocrx_word' id='word_1_99' title='bbox 1078 1706 1163 1800; x_wconf 87' lang='lat' dir='ltr'>suo,</span> <span class='ocrx_word' id='word_1_100' title='bbox 1196 1709 1380 1801; x_wconf 90' lang='lat' dir='ltr'>Reiuero,</span> <span class='ocrx_word' id='word_1_101' title='bbox 1414 1715 1556 1809; x_wconf 69' lang='lat' dir='ltr'>trahens</span> <span class='ocrx_word' id='word_1_102' title='bbox 1581 1713 1699 1790; x_wconf 87' lang='lat' dir='ltr'>secum</span> <span class='ocrx_word' id='word_1_103' title='bbox 1726 1742 1773 1792; x_wconf 84' lang='lat' dir='ltr'>ex</span> 
     </span>
     <span class='ocr_line' id='line_1_13' title="bbox 459 1802 1773 1911; baseline 0.006 -31"><span class='ocrx_word' id='word_1_104' title='bbox 459 1828 553 1904; x_wconf 83' lang='lat' dir='ltr'>agro</span> <span class='ocrx_word' id='word_1_105' title='bbox 578 1807 744 1879; x_wconf 91' lang='lat' dir='ltr'>Reidano</span> <span class='ocrx_word' id='word_1_106' title='bbox 760 1805 928 1899; x_wconf 85' lang='lat' dir='ltr'>Papismo</span> <span class='ocrx_word' id='word_1_107' title='bbox 946 1802 1187 1895; x_wconf 88' lang='lat' dir='ltr'>adhaerentes,</span> <span class='ocrx_word' id='word_1_108' title='bbox 1214 1807 1424 1880; x_wconf 86' lang='lat' dir='ltr'>Antistitem</span> <span class='ocrx_word' id='word_1_109' title='bbox 1444 1810 1606 1885; x_wconf 86' lang='lat' dir='ltr'>coenobii</span> <span class='ocrx_word' id='word_1_110' title='bbox 1620 1814 1773 1911; x_wconf 86' lang='lat' dir='ltr'>Jcmgu·</span> 
     </span>
     <span class='ocr_line' id='line_1_14' title="bbox 450 1901 1774 2001; baseline 0.005 -23"><span class='ocrx_word' id='word_1_111' title='bbox 450 1905 580 1996; x_wconf 63' lang='lat' dir='ltr'>«mani,</span> <span class='ocrx_word' id='word_1_112' title='bbox 598 1902 731 1976; x_wconf 87' lang='lat' dir='ltr'>ordinis</span> <span class='ocrx_word' id='word_1_113' title='bbox 747 1901 1016 1994; x_wconf 90' lang='lat' dir='ltr'>Joannitarum,</span> <span class='ocrx_word' id='word_1_114' title='bbox 1041 1923 1146 1997; x_wconf 86' lang='lat' dir='ltr'>quem</span> <span class='ocrx_word' id='word_1_115' title='bbox 1166 1902 1510 1979; x_wconf 82' lang='lat' dir='ltr'>commendatorem</span> <span class='ocrx_word' id='word_1_116' title='bbox 1528 1929 1684 2001; x_wconf 86' lang='lat' dir='ltr'>vocant,</span> <span class='ocrx_word' id='word_1_117' title='bbox 1709 1913 1774 1985; x_wconf 90' lang='lat' dir='ltr'>Sa·</span> 
     </span>
     <span class='ocr_line' id='line_1_15' title="bbox 461 1998 1772 2168; baseline 0.005 -94"><span class='ocrx_word' id='word_1_118' title='bbox 461 1999 696 2097; x_wconf 89' lang='lat' dir='ltr'>cerdotesque</span> <span class='ocrx_word' id='word_1_119' title='bbox 718 1998 926 2094; x_wconf 87' lang='lat' dir='ltr'>primarios,</span> <span class='ocrx_word' id='word_1_120' title='bbox 948 1998 1558 2168; x_wconf 52' lang='lat' dir='ltr'>Jcmpumanum,¹1·latsumanum,</span> <span class='ocrx_word' id='word_1_121' title='bbox 1585 2004 1772 2081; x_wconf 90' lang='lat' dir='ltr'>Ditsuma-</span> 
     </span>
     <span class='ocr_line' id='line_1_16' title="bbox 459 2094 1770 2200; baseline 0.006 -29"><span class='ocrx_word' id='word_1_122' title='bbox 459 2120 572 2192; x_wconf 88' lang='lat' dir='ltr'>num,</span> <span class='ocrx_word' id='word_1_123' title='bbox 597 2120 681 2170; x_wconf 87' lang='lat' dir='ltr'>eum</span> <span class='ocrx_word' id='word_1_124' title='bbox 699 2097 777 2169; x_wconf 88' lang='lat' dir='ltr'>aliis</span> <span class='ocrx_word' id='word_1_125' title='bbox 795 2095 974 2167; x_wconf 90' lang='lat' dir='ltr'>nonnullis</span> <span class='ocrx_word' id='word_1_126' title='bbox 992 2097 1027 2167; x_wconf 90' lang='lat' dir='ltr'>in</span> <span class='ocrx_word' id='word_1_127' title='bbox 1045 2098 1169 2170; x_wconf 87' lang='lat' dir='ltr'>erioris</span> <span class='ocrx_word' id='word_1_128' title='bbox 1186 2116 1307 2170; x_wconf 84' lang='lat' dir='ltr'>notae:</span> <span class='ocrx_word' id='word_1_129' title='bbox 1335 2094 1504 2194; x_wconf 77' lang='lat' dir='ltr'>equibus</span> <span class='ocrx_word' id='word_1_130' title='bbox 1521 2120 1640 2174; x_wconf 91' lang='lat' dir='ltr'>tamen</span> <span class='ocrx_word' id='word_1_131' title='bbox 1658 2127 1770 2200; x_wconf 91' lang='lat' dir='ltr'>quos·</span> 
     </span>
     <span class='ocr_line' id='line_1_17' title="bbox 452 2191 1772 2287; baseline 0.006 -19"><span class='ocrx_word' id='word_1_132' title='bbox 452 2194 542 2269; x_wconf 72' lang='lat' dir='ltr'>:dam</span> <span class='ocrx_word' id='word_1_133' title='bbox 569 2197 680 2268; x_wconf 78' lang='lat' dir='ltr'>tacite</span> <span class='ocrx_word' id='word_1_134' title='bbox 706 2217 788 2266; x_wconf 91' lang='lat' dir='ltr'>cum</span> <span class='ocrx_word' id='word_1_135' title='bbox 816 2212 917 2287; x_wconf 89' lang='lat' dir='ltr'>parte</span> <span class='ocrx_word' id='word_1_136' title='bbox 942 2193 1089 2265; x_wconf 89' lang='lat' dir='ltr'>meliore</span> <span class='ocrx_word' id='word_1_137' title='bbox 1113 2191 1271 2286; x_wconf 87' lang='lat' dir='ltr'>sensisse,</span> <span class='ocrx_word' id='word_1_138' title='bbox 1306 2197 1492 2270; x_wconf 86' lang='lat' dir='ltr'>memoriae</span> <span class='ocrx_word' id='word_1_139' title='bbox 1518 2199 1691 2273; x_wconf 87' lang='lat' dir='ltr'>traditum</span> <span class='ocrx_word' id='word_1_140' title='bbox 1707 2200 1772 2277; x_wconf 86' lang='lat' dir='ltr'>est.</span> 
     </span>
     <span class='ocr_line' id='line_1_18' title="bbox 452 2288 1774 2395; baseline 0.005 -27"><span class='ocrx_word' id='word_1_141' title='bbox 452 2293 604 2385; x_wconf 69' lang='lat' dir='ltr'>Interea</span> <span class='ocrx_word' id='word_1_142' title='bbox 621 2288 709 2365; x_wconf 82' lang='lat' dir='ltr'>verb</span> <span class='ocrx_word' id='word_1_143' title='bbox 728 2289 853 2364; x_wconf 87' lang='lat' dir='ltr'>eodem</span> <span class='ocrx_word' id='word_1_144' title='bbox 872 2290 1036 2365; x_wconf 84' lang='lat' dir='ltr'>celeriter</span> <span class='ocrx_word' id='word_1_145' title='bbox 1052 2291 1272 2367; x_wconf 80' lang='lat' dir='ltr'>excitaverat</span> <span class='ocrx_word' id='word_1_146' title='bbox 1288 2291 1439 2368; x_wconf 91' lang='lat' dir='ltr'>Ulricus</span> <span class='ocrx_word' id='word_1_147' title='bbox 1456 2292 1596 2371; x_wconf 87' lang='lat' dir='ltr'>suarum</span> <span class='ocrx_word' id='word_1_148' title='bbox 1615 2300 1774 2395; x_wconf 88' lang='lat' dir='ltr'>partium</span> 
     </span>
     <span class='ocr_line' id='line_1_19' title="bbox 452 2387 1771 2491; baseline 0.006 -27"><span class='ocrx_word' id='word_1_149' title='bbox 452 2389 677 2489; x_wconf 86' lang='lat' dir='ltr'>·Thcologos</span> <span class='ocrx_word' id='word_1_150' title='bbox 703 2388 928 2485; x_wconf 85' lang='lat' dir='ltr'>complures:</span> <span class='ocrx_word' id='word_1_151' title='bbox 956 2389 1050 2461; x_wconf 91' lang='lat' dir='ltr'>inter</span> <span class='ocrx_word' id='word_1_152' title='bbox 1066 2413 1157 2485; x_wconf 87' lang='lat' dir='ltr'>quos</span> <span class='ocrx_word' id='word_1_153' title='bbox 1173 2409 1274 2464; x_wconf 87' lang='lat' dir='ltr'>crant</span> <span class='ocrx_word' id='word_1_154' title='bbox 1292 2387 1450 2491; x_wconf 72' lang='lat' dir='ltr'>Georgius</span> <span class='ocrx_word' id='word_1_155' title='bbox 1467 2400 1661 2489; x_wconf 83' lang='lat' dir='ltr'>Aporsonus</span> <span class='ocrx_word' id='word_1_156' title='bbox 1680 2397 1771 2472; x_wconf 86' lang='lat' dir='ltr'>Em·</span> 
     </span>
     <span class='ocr_line' id='line_1_20' title="bbox 459 2482 1772 2591; baseline 0.006 -29"><span class='ocrx_word' id='word_1_157' title='bbox 459 2482 594 2579; x_wconf 87' lang='lat' dir='ltr'>danus,</span> <span class='ocrx_word' id='word_1_158' title='bbox 620 2489 769 2583; x_wconf 85' lang='lat' dir='ltr'>Joanues</span> <span class='ocrx_word' id='word_1_159' title='bbox 787 2487 973 2582; x_wconf 78' lang='lat' dir='ltr'>Stephanus</span> <span class='ocrx_word' id='word_1_160' title='bbox 992 2486 1033 2559; x_wconf 95' lang='lat' dir='ltr'>N</span> <span class='ocrx_word' id='word_1_161' title='bbox 1037 2487 1211 2578; x_wconf 87' lang='lat' dir='ltr'>otdanus,</span> <span class='ocrx_word' id='word_1_162' title='bbox 1237 2490 1772 2591; x_wconf 82' lang='lat' dir='ltr'>LubbursusContr&#39;usLetauus,</span> 
     </span>
     <span class='ocr_line' id='line_1_21' title="bbox 456 2583 1772 2686; baseline 0.005 -24"><span class='ocrx_word' id='word_1_163' title='bbox 456 2588 652 2662; x_wconf 72' lang='lat' dir='ltr'>fridericus</span> <span class='ocrx_word' id='word_1_164' title='bbox 678 2586 733 2659; x_wconf 77' lang='lat' dir='ltr'>N,</span> <span class='ocrx_word' id='word_1_165' title='bbox 761 2583 1025 2677; x_wconf 88' lang='lat' dir='ltr'>Peusumanus,</span> <span class='ocrx_word' id='word_1_166' title='bbox 1060 2586 1164 2660; x_wconf 85' lang='lat' dir='ltr'>Wibu</span> <span class='ocrx_word' id='word_1_167' title='bbox 1189 2586 1442 2664; x_wconf 88' lang='lat' dir='ltr'>Pctcumanus.</span> <span class='ocrx_word' id='word_1_168' title='bbox 1493 2590 1573 2686; x_wconf 83' lang='lat' dir='ltr'>Qsi</span> <span class='ocrx_word' id='word_1_169' title='bbox 1600 2617 1682 2668; x_wconf 89' lang='lat' dir='ltr'>cum</span> <span class='ocrx_word' id='word_1_170' title='bbox 1709 2595 1772 2669; x_wconf 87' lang='lat' dir='ltr'>ad·</span> 
     </span>
     <span class='ocr_line' id='line_1_22' title="bbox 459 2682 1773 2782; baseline 0.008 -24"><span class='ocrx_word' id='word_1_171' title='bbox 459 2682 593 2777; x_wconf 87' lang='lat' dir='ltr'>essent,</span> <span class='ocrx_word' id='word_1_172' title='bbox 617 2704 725 2782; x_wconf 88' lang='lat' dir='ltr'>atque</span> <span class='ocrx_word' id='word_1_173' title='bbox 742 2684 796 2756; x_wconf 91' lang='lat' dir='ltr'>his</span> <span class='ocrx_word' id='word_1_174' title='bbox 815 2683 848 2757; x_wconf 87' lang='lat' dir='ltr'>sc</span> <span class='ocrx_word' id='word_1_175' title='bbox 859 2682 1058 2781; x_wconf 80' lang='lat' dir='ltr'>junxissent</span> <span class='ocrx_word' id='word_1_176' title='bbox 1074 2683 1319 2760; x_wconf 86' lang='lat' dir='ltr'>Oldershemii</span> <span class='ocrx_word' id='word_1_177' title='bbox 1337 2687 1437 2779; x_wconf 89' lang='lat' dir='ltr'>duo,</span> <span class='ocrx_word' id='word_1_178' title='bbox 1453 2692 1616 2764; x_wconf 84' lang='lat' dir='ltr'>Asbertus</span> <span class='ocrx_word' id='word_1_179' title='bbox 1629 2692 1773 2768; x_wconf 62' lang='lat' dir='ltr'>&amp;Hero</span> 
     </span>
     <span class='ocr_line' id='line_1_23' title="bbox 450 2781 1772 2881; baseline 0.004 -26"><span class='ocrx_word' id='word_1_180' title='bbox 450 2788 551 2860; x_wconf 78' lang='lat' dir='ltr'>ritus</span> <span class='ocrx_word' id='word_1_181' title='bbox 567 2834 590 2873; x_wconf 78' lang='lat'>„</span> <span class='ocrx_word' id='word_1_182' title='bbox 615 2783 652 2854; x_wconf 92' lang='lat' dir='ltr'>in</span> <span class='ocrx_word' id='word_1_183' title='bbox 678 2783 816 2879; x_wconf 86' lang='lat' dir='ltr'>templo</span> <span class='ocrx_word' id='word_1_184' title='bbox 843 2783 920 2880; x_wconf 89' lang='lat' dir='ltr'>ejus</span> <span class='ocrx_word' id='word_1_185' title='bbox 946 2782 1043 2874; x_wconf 88' lang='lat' dir='ltr'>loci,</span> <span class='ocrx_word' id='word_1_186' title='bbox 1077 2781 1252 2881; x_wconf 87' lang='lat' dir='ltr'>praesente</span> <span class='ocrx_word' id='word_1_187' title='bbox 1277 2786 1353 2881; x_wconf 90' lang='lat' dir='ltr'>ipso</span> <span class='ocrx_word' id='word_1_188' title='bbox 1382 2790 1518 2878; x_wconf 85' lang='lat' dir='ltr'>Uirico,</span> <span class='ocrx_word' id='word_1_189' title='bbox 1553 2788 1592 2862; x_wconf 66' lang='grc' dir='ltr'>ὃ(</span> <span class='ocrx_word' id='word_1_190' title='bbox 1617 2811 1700 2861; x_wconf 89' lang='lat' dir='ltr'>cum</span> <span class='ocrx_word' id='word_1_191' title='bbox 1727 2813 1772 2861; x_wconf 89' lang='lat' dir='ltr'>eo</span> 
     </span>
     <span class='ocr_line' id='line_1_24' title="bbox 457 2878 1771 2976; baseline -0.001 -20"><span class='ocrx_word' id='word_1_192' title='bbox 457 2883 591 2956; x_wconf 86' lang='lat' dir='ltr'>Herone</span> <span class='ocrx_word' id='word_1_193' title='bbox 605 2880 785 2954; x_wconf 91' lang='lat' dir='ltr'>Hicconis</span> <span class='ocrx_word' id='word_1_194' title='bbox 802 2878 904 2972; x_wconf 84' lang='lat' dir='ltr'>silio,</span> <span class='ocrx_word' id='word_1_195' title='bbox 923 2899 1077 2976; x_wconf 91' lang='lat' dir='ltr'>quorum</span> <span class='ocrx_word' id='word_1_196' title='bbox 1097 2882 1136 2951; x_wconf 93' lang='lat' dir='ltr'>in</span> <span class='ocrx_word' id='word_1_197' title='bbox 1153 2880 1292 2951; x_wconf 90' lang='lat' dir='ltr'>ditione</span> <span class='ocrx_word' id='word_1_198' title='bbox 1307 2882 1584 2953; x_wconf 88' lang='lat' dir='ltr'>Oldershemum</span> <span class='ocrx_word' id='word_1_199' title='bbox 1596 2882 1632 2953; x_wconf 77' lang='grc' dir='ltr'>δι</span> <span class='ocrx_word' id='word_1_200' title='bbox 1644 2886 1771 2976; x_wconf 88' lang='lat' dir='ltr'>proxi·</span> 
     </span>
    </p>
   </div>
   <div class='ocr_carea' id='block_1_3' title="bbox 456 2972 1770 3141">
    <p class='ocr_par' dir='ltr' id='par_1_3' title="bbox 456 2972 1770 3141">
     <span class='ocr_line' id='line_1_25' title="bbox 456 2972 1770 3141; baseline 0 -89"><span class='ocrx_word' id='word_1_201' title='bbox 456 2980 509 3052; x_wconf 88' lang='lat' dir='ltr'>mi</span> <span class='ocrx_word' id='word_1_202' title='bbox 535 2977 674 3076; x_wconf 89' lang='lat' dir='ltr'>aliquot</span> <span class='ocrx_word' id='word_1_203' title='bbox 700 2981 773 3051; x_wconf 89' lang='lat' dir='ltr'>vici</span> <span class='ocrx_word' id='word_1_204' title='bbox 798 2995 928 3065; x_wconf 85' lang='lat' dir='ltr'>erant,</span> <span class='ocrx_word' id='word_1_205' title='bbox 967 2973 1195 3141; x_wconf 56' lang='lat' dir='ltr'>P‘lssfflmjue</span> <span class='ocrx_word' id='word_1_206' title='bbox 1220 2972 1386 3045; x_wconf 88' lang='lat' dir='ltr'>audiendi</span> <span class='ocrx_word' id='word_1_207' title='bbox 1412 2975 1566 3069; x_wconf 90' lang='lat' dir='ltr'>cupidus</span> <span class='ocrx_word' id='word_1_208' title='bbox 1591 2978 1770 3074; x_wconf 86' lang='lat' dir='ltr'>templum</span> 
     </span>
    </p>
   </div>
   <div class='ocr_carea' id='block_1_4' title="bbox 1043 3067 1771 3169">
    <p class='ocr_par' dir='ltr' id='par_1_4' title="bbox 1043 3067 1771 3169">
     <span class='ocr_line' id='line_1_26' title="bbox 1043 3067 1771 3169; baseline 0.016 -30"><span class='ocrx_word' id='word_1_209' title='bbox 1043 3090 1085 3139; x_wconf 93' lang='lat' dir='ltr'>us</span> <span class='ocrx_word' id='word_1_210' title='bbox 1102 3089 1121 3140; x_wconf 85' lang='lat' dir='ltr'>a</span> <span class='ocrx_word' id='word_1_211' title='bbox 1165 3068 1287 3141; x_wconf 88' lang='lat' dir='ltr'>Deum</span> <span class='ocrx_word' id='word_1_212' title='bbox 1304 3067 1390 3143; x_wconf 87' lang='lat' dir='ltr'>susis</span> <span class='ocrx_word' id='word_1_213' title='bbox 1407 3068 1564 3165; x_wconf 70' lang='lat' dir='ltr'>fabium,</span> <span class='ocrx_word' id='word_1_214' title='bbox 1581 3096 1771 3169; x_wconf 83' lang='lat' dir='ltr'>praeeunte</span> 
     </span>
    </p>
   </div>
   <div class='ocr_carea' id='block_1_5' title="bbox 1688 3198 1770 3249">
    <p class='ocr_par' dir='ltr' id='par_1_5' title="bbox 1688 3198 1770 3249">
     <span class='ocr_line' id='line_1_27' title="bbox 1688 3198 1770 3249; baseline 0.037 -3"><span class='ocrx_word' id='word_1_215' title='bbox 1688 3198 1770 3249; x_wconf 73' lang='lat' dir='ltr'>th&#39;·</span> 
     </span>
    </p>
   </div>
   <div class='ocr_carea' id='block_1_6' title="bbox 450 3066 1017 3176">
    <p class='ocr_par' dir='ltr' id='par_1_6' title="bbox 450 3066 1017 3176">
     <span class='ocr_line' id='line_1_28' title="bbox 450 3066 1017 3176; baseline -0.018 -27"><span class='ocrx_word' id='word_1_216' title='bbox 450 3076 691 3176; x_wconf 74' lang='lat' dir='ltr'>complesset,</span> <span class='ocrx_word' id='word_1_217' title='bbox 717 3074 860 3156; x_wconf 86' lang='lat' dir='ltr'>initium</span> <span class='ocrx_word' id='word_1_218' title='bbox 879 3066 900 3140; x_wconf 81' lang='lat' dir='ltr'>al</span> <span class='ocrx_word' id='word_1_219' title='bbox 918 3091 1017 3164; x_wconf 84' lang='lat' dir='ltr'>preci</span> 
     </span>
    </p>
   </div>
   <div class='ocr_carea' id='block_1_7' title="bbox 454 3332 1773 4263">
    <p class='ocr_par' dir='ltr' id='par_1_7' title="bbox 454 3332 1773 4263">
     <span class='ocr_line' id='line_1_29' title="bbox 457 3332 1773 3433; baseline -0.006 -22"><span class='ocrx_word' id='word_1_220' title='bbox 457 3411 461 3416; x_wconf 80' lang='grc'>,</span> <span class='ocrx_word' id='word_1_221' title='bbox 497 3353 548 3433; x_wconf 83' lang='lat' dir='ltr'>(a)</span> <span class='ocrx_word' id='word_1_222' title='bbox 572 3333 748 3422; x_wconf 29' lang='lat' dir='ltr'>Enim-verb</span> <span class='ocrx_word' id='word_1_223' title='bbox 766 3353 832 3400; x_wconf 88' lang='lat' dir='ltr'>non</span> <span class='ocrx_word' id='word_1_224' title='bbox 847 3346 913 3400; x_wconf 85' lang='lat' dir='ltr'>tam</span> <span class='ocrx_word' id='word_1_225' title='bbox 929 3332 1194 3422; x_wconf 81' lang='lat' dir='ltr'>ipscLuureesrius</span> <span class='ocrx_word' id='word_1_226' title='bbox 1209 3353 1246 3401; x_wconf 86' lang='lat' dir='ltr'>ea</span> <span class='ocrx_word' id='word_1_227' title='bbox 1261 3333 1472 3420; x_wconf 81' lang='lat' dir='ltr'>conscripsisse</span> <span class='ocrx_word' id='word_1_228' title='bbox 1489 3335 1600 3403; x_wconf 89' lang='lat' dir='ltr'>dicitur</span> <span class='ocrx_word' id='word_1_229' title='bbox 1617 3338 1773 3423; x_wconf 77' lang='lat' dir='ltr'>themata,</span> 
     </span>
     <span class='ocr_line' id='line_1_30' title="bbox 456 3417 1772 3513; baseline -0.002 -21"><span class='ocrx_word' id='word_1_230' title='bbox 456 3435 510 3501; x_wconf 78' lang='lat' dir='ltr'>sed</span> <span class='ocrx_word' id='word_1_231' title='bbox 532 3428 585 3513; x_wconf 80' lang='lat' dir='ltr'>ips</span> <span class='ocrx_word' id='word_1_232' title='bbox 609 3419 721 3487; x_wconf 83' lang='lat' dir='ltr'>Nostri</span> <span class='ocrx_word' id='word_1_233' title='bbox 737 3417 899 3501; x_wconf 88' lang='lat' dir='ltr'>homines,</span> <span class='ocrx_word' id='word_1_234' title='bbox 923 3420 1035 3485; x_wconf 88' lang='lat' dir='ltr'>eadem</span> <span class='ocrx_word' id='word_1_235' title='bbox 1050 3437 1088 3483; x_wconf 89' lang='lat' dir='ltr'>ex</span> <span class='ocrx_word' id='word_1_236' title='bbox 1105 3418 1262 3485; x_wconf 82' lang='lat' dir='ltr'>concione</span> <span class='ocrx_word' id='word_1_237' title='bbox 1279 3418 1347 3500; x_wconf 85' lang='lat' dir='ltr'>ejus</span> <span class='ocrx_word' id='word_1_238' title='bbox 1364 3419 1575 3506; x_wconf 85' lang='lat' dir='ltr'>Jemgumaua</span> <span class='ocrx_word' id='word_1_239' title='bbox 1590 3441 1681 3489; x_wconf 85' lang='lat' dir='ltr'>excer</span> <span class='ocrx_word' id='word_1_240' title='bbox 1705 3423 1772 3489; x_wconf 83' lang='lat' dir='ltr'>fisse</span> 
     </span>
     <span class='ocr_line' id='line_1_31' title="bbox 456 3445 1770 3591; baseline -0.008 -8"><span class='ocrx_word' id='word_1_241' title='bbox 456 3517 619 3587; x_wconf 81' lang='lat' dir='ltr'>seruntur3</span> <span class='ocrx_word' id='word_1_242' title='bbox 643 3504 726 3572; x_wconf 86' lang='lat' dir='ltr'>Sunt</span> <span class='ocrx_word' id='word_1_243' title='bbox 741 3504 820 3571; x_wconf 80' lang='lat' dir='ltr'>verb</span> <span class='ocrx_word' id='word_1_244' title='bbox 838 3506 904 3571; x_wconf 81' lang='lat' dir='ltr'>haec</span> <span class='ocrx_word' id='word_1_245' title='bbox 922 3505 1057 3570; x_wconf 85' lang='lat' dir='ltr'>themata</span> <span class='ocrx_word' id='word_1_246' title='bbox 1070 3501 1247 3585; x_wconf 86' lang='lat' dir='ltr'>sequentia:</span> <span class='ocrx_word' id='word_1_247' title='bbox 1280 3506 1346 3587; x_wconf 88' lang='lat'><em>(1.)</em></span> <span class='ocrx_word' id='word_1_248' title='bbox 1371 3503 1461 3569; x_wconf 90' lang='lat' dir='ltr'>Cum</span> <span class='ocrx_word' id='word_1_249' title='bbox 1477 3521 1657 3591; x_wconf 87' lang='lat' dir='ltr'>peccatores</span> <span class='ocrx_word' id='word_1_250' title='bbox 1674 3445 1770 3573; x_wconf 65' lang='lat' dir='ltr'>timus</span> 
     </span>
     <span class='ocr_line' id='line_1_32' title="bbox 456 3586 1770 3675; baseline -0.007 -11"><span class='ocrx_word' id='word_1_251' title='bbox 456 3611 589 3675; x_wconf 86' lang='lat' dir='ltr'>omues,</span> <span class='ocrx_word' id='word_1_252' title='bbox 613 3612 672 3656; x_wconf 87' lang='lat' dir='ltr'>nec</span> <span class='ocrx_word' id='word_1_253' title='bbox 689 3609 799 3655; x_wconf 89' lang='lat' dir='ltr'>coram</span> <span class='ocrx_word' id='word_1_254' title='bbox 815 3586 891 3654; x_wconf 92' lang='lat' dir='ltr'>Deo</span> <span class='ocrx_word' id='word_1_255' title='bbox 907 3590 946 3654; x_wconf 85' lang='lat' dir='ltr'>ad</span> <span class='ocrx_word' id='word_1_256' title='bbox 963 3589 1172 3673; x_wconf 89' lang='lat' dir='ltr'>recipiendam</span> <span class='ocrx_word' id='word_1_257' title='bbox 1188 3588 1317 3672; x_wconf 79' lang='lat' dir='ltr'>gratiam</span> <span class='ocrx_word' id='word_1_258' title='bbox 1333 3608 1407 3653; x_wconf 92' lang='lat' dir='ltr'>com</span> <span class='ocrx_word' id='word_1_259' title='bbox 1430 3609 1514 3655; x_wconf 86' lang='lat' dir='ltr'>arete</span> <span class='ocrx_word' id='word_1_260' title='bbox 1528 3589 1700 3673; x_wconf 81' lang='lat' dir='ltr'>possimus,</span> <span class='ocrx_word' id='word_1_261' title='bbox 1723 3592 1770 3655; x_wconf 90' lang='lat' dir='ltr'>se·</span> 
     </span>
     <span class='ocr_line' id='line_1_33' title="bbox 457 3609 1769 3763; baseline -0.003 -19"><span class='ocrx_word' id='word_1_262' title='bbox 457 3679 584 3763; x_wconf 89' lang='lat' dir='ltr'>quitur,</span> <span class='ocrx_word' id='word_1_263' title='bbox 607 3695 665 3741; x_wconf 89' lang='lat' dir='ltr'>nos</span> <span class='ocrx_word' id='word_1_264' title='bbox 682 3695 760 3759; x_wconf 87' lang='lat' dir='ltr'>opus</span> <span class='ocrx_word' id='word_1_265' title='bbox 778 3676 887 3739; x_wconf 87' lang='lat' dir='ltr'>habete</span> <span class='ocrx_word' id='word_1_266' title='bbox 904 3672 1134 3739; x_wconf 86' lang='lat' dir='ltr'>Mediatotibus</span> <span class='ocrx_word' id='word_1_267' title='bbox 1159 3675 1225 3753; x_wconf 77' lang='lat' dir='ltr'>(a.)</span> <span class='ocrx_word' id='word_1_268' title='bbox 1245 3670 1308 3737; x_wconf 92' lang='lat' dir='ltr'>Uti</span> <span class='ocrx_word' id='word_1_269' title='bbox 1325 3609 1464 3737; x_wconf 84' lang='lat' dir='ltr'>Chrislus</span> <span class='ocrx_word' id='word_1_270' title='bbox 1481 3674 1524 3737; x_wconf 88' lang='lat' dir='ltr'>est</span> <span class='ocrx_word' id='word_1_271' title='bbox 1541 3672 1704 3739; x_wconf 87' lang='lat' dir='ltr'>Mediator</span> <span class='ocrx_word' id='word_1_272' title='bbox 1721 3676 1769 3740; x_wconf 88' lang='lat' dir='ltr'>in·</span> 
     </span>
     <span class='ocr_line' id='line_1_34' title="bbox 455 3754 1768 3842; baseline -0.004 -14"><span class='ocrx_word' id='word_1_273' title='bbox 455 3778 502 3828; x_wconf 87' lang='lat' dir='ltr'>ter</span> <span class='ocrx_word' id='word_1_274' title='bbox 526 3758 636 3825; x_wconf 89' lang='lat' dir='ltr'>Deum</span> <span class='ocrx_word' id='word_1_275' title='bbox 652 3760 683 3823; x_wconf 72' lang='grc' dir='ltr'>δι</span> <span class='ocrx_word' id='word_1_276' title='bbox 700 3758 861 3842; x_wconf 87' lang='lat' dir='ltr'>homines,</span> <span class='ocrx_word' id='word_1_277' title='bbox 884 3759 925 3824; x_wconf 82' lang='lat' dir='ltr'>ita</span> <span class='ocrx_word' id='word_1_278' title='bbox 941 3756 1046 3823; x_wconf 85' lang='lat' dir='ltr'>Maria</span> <span class='ocrx_word' id='word_1_279' title='bbox 1060 3755 1284 3822; x_wconf 84' lang='lat' dir='ltr'>Mediatricern</span> <span class='ocrx_word' id='word_1_280' title='bbox 1300 3756 1362 3839; x_wconf 83' lang='lat' dir='ltr'>agit</span> <span class='ocrx_word' id='word_1_281' title='bbox 1378 3756 1456 3820; x_wconf 89' lang='lat' dir='ltr'>inter</span> <span class='ocrx_word' id='word_1_282' title='bbox 1473 3754 1632 3821; x_wconf 84' lang='lat' dir='ltr'>Christum</span> <span class='ocrx_word' id='word_1_283' title='bbox 1650 3759 1681 3823; x_wconf 81' lang='lat' dir='ltr'>dt</span> <span class='ocrx_word' id='word_1_284' title='bbox 1697 3778 1768 3823; x_wconf 86' lang='lat' dir='ltr'>cos·</span> 
     </span>
     <span class='ocr_line' id='line_1_35' title="bbox 454 3839 1767 3924; baseline -0.006 -13"><span class='ocrx_word' id='word_1_285' title='bbox 454 3848 530 3911; x_wconf 87' lang='lat' dir='ltr'>dem</span> <span class='ocrx_word' id='word_1_286' title='bbox 546 3845 689 3909; x_wconf 88' lang='lat' dir='ltr'>homines</span> <span class='ocrx_word' id='word_1_287' title='bbox 713 3844 778 3924; x_wconf 86' lang='lat'>(3.)</span> <span class='ocrx_word' id='word_1_288' title='bbox 797 3841 937 3908; x_wconf 85' lang='lat' dir='ltr'>Christus</span> <span class='ocrx_word' id='word_1_289' title='bbox 954 3842 996 3906; x_wconf 83' lang='lat' dir='ltr'>esl</span> <span class='ocrx_word' id='word_1_290' title='bbox 1013 3841 1136 3922; x_wconf 82' lang='lat' dir='ltr'>ludex,</span> <span class='ocrx_word' id='word_1_291' title='bbox 1160 3860 1234 3907; x_wconf 87' lang='lat' dir='ltr'>narn</span> <span class='ocrx_word' id='word_1_292' title='bbox 1251 3839 1341 3904; x_wconf 83' lang='lat' dir='ltr'>Pater</span> <span class='ocrx_word' id='word_1_293' title='bbox 1359 3841 1366 3901; x_wconf 96' lang='lat' dir='ltr'>i</span> <span class='ocrx_word' id='word_1_294' title='bbox 1390 3839 1410 3903; x_wconf 80' lang='lat' dir='ltr'>fi</span> <span class='ocrx_word' id='word_1_295' title='bbox 1427 3860 1525 3905; x_wconf 90' lang='lat' dir='ltr'>omne</span> <span class='ocrx_word' id='word_1_296' title='bbox 1541 3844 1662 3907; x_wconf 87' lang='lat' dir='ltr'>tradidit</span> <span class='ocrx_word' id='word_1_297' title='bbox 1677 3841 1767 3920; x_wconf 87' lang='lat' dir='ltr'>Judi-</span> 
     </span>
     <span class='ocr_line' id='line_1_36' title="bbox 455 3921 1768 4007; baseline -0.008 -12"><span class='ocrx_word' id='word_1_298' title='bbox 455 3930 562 3996; x_wconf 89' lang='lat' dir='ltr'>cium:</span> <span class='ocrx_word' id='word_1_299' title='bbox 588 3926 690 3993; x_wconf 89' lang='lat' dir='ltr'>Unde</span> <span class='ocrx_word' id='word_1_300' title='bbox 706 3924 827 3992; x_wconf 83' lang='lat' dir='ltr'>necesse</span> <span class='ocrx_word' id='word_1_301' title='bbox 842 3928 905 4007; x_wconf 83' lang='lat' dir='ltr'>eil,</span> <span class='ocrx_word' id='word_1_302' title='bbox 928 3942 963 3990; x_wconf 89' lang='lat' dir='ltr'>ut</span> <span class='ocrx_word' id='word_1_303' title='bbox 978 3925 1057 3990; x_wconf 83' lang='lat' dir='ltr'>alios</span> <span class='ocrx_word' id='word_1_304' title='bbox 1073 3924 1241 3991; x_wconf 83' lang='lat' dir='ltr'>habeamus</span> <span class='ocrx_word' id='word_1_305' title='bbox 1258 3921 1335 3987; x_wconf 88' lang='lat' dir='ltr'>inter</span> <span class='ocrx_word' id='word_1_306' title='bbox 1385 3922 1514 3990; x_wconf 87' lang='lat' dir='ltr'>hristum</span> <span class='ocrx_word' id='word_1_307' title='bbox 1531 3924 1627 3991; x_wconf 83' lang='lat' dir='ltr'>&amp;nos</span> <span class='ocrx_word' id='word_1_308' title='bbox 1640 3921 1768 3989; x_wconf 88' lang='lat' dir='ltr'>Media-</span> 
     </span>
     <span class='ocr_line' id='line_1_37' title="bbox 456 4005 1767 4094; baseline -0.011 -14"><span class='ocrx_word' id='word_1_309' title='bbox 456 4028 558 4079; x_wconf 86' lang='lat' dir='ltr'>sotes:</span> <span class='ocrx_word' id='word_1_310' title='bbox 607 4012 655 4092; x_wconf 89' lang='lat'>4.)</span> <span class='ocrx_word' id='word_1_311' title='bbox 674 4007 769 4075; x_wconf 91' lang='lat' dir='ltr'>Num</span> <span class='ocrx_word' id='word_1_312' title='bbox 785 4031 838 4094; x_wconf 91' lang='lat' dir='ltr'>per</span> <span class='ocrx_word' id='word_1_313' title='bbox 856 4011 954 4075; x_wconf 82' lang='lat' dir='ltr'>sidem</span> <span class='ocrx_word' id='word_1_314' title='bbox 971 4005 1079 4073; x_wconf 82' lang='lat' dir='ltr'>soldm</span> <span class='ocrx_word' id='word_1_315' title='bbox 1091 4007 1322 4089; x_wconf 83' lang='lat' dir='ltr'>justificemur,</span> <span class='ocrx_word' id='word_1_316' title='bbox 1346 4007 1408 4071; x_wconf 85' lang='lat' dir='ltr'>fine</span> <span class='ocrx_word' id='word_1_317' title='bbox 1424 4012 1497 4072; x_wconf 87' lang='lat' dir='ltr'>ullo</span> <span class='ocrx_word' id='word_1_318' title='bbox 1515 4010 1674 4077; x_wconf 86' lang='lat' dir='ltr'>bonorum</span> <span class='ocrx_word' id='word_1_319' title='bbox 1691 4025 1767 4087; x_wconf 88' lang='lat' dir='ltr'>ope·</span> 
     </span>
     <span class='ocr_line' id='line_1_38' title="bbox 457 4015 1766 4175; baseline -0.009 -11"><span class='ocrx_word' id='word_1_320' title='bbox 457 4118 531 4164; x_wconf 88' lang='lat' dir='ltr'>tum</span> <span class='ocrx_word' id='word_1_321' title='bbox 551 4015 759 4161; x_wconf 60' lang='lat' dir='ltr'>adiumento?</span> <span class='ocrx_word' id='word_1_322' title='bbox 792 4094 856 4175; x_wconf 87' lang='lat'>(5.)</span> <span class='ocrx_word' id='word_1_323' title='bbox 882 4094 1012 4159; x_wconf 87' lang='lat' dir='ltr'>Veteres</span> <span class='ocrx_word' id='word_1_324' title='bbox 1030 4090 1271 4156; x_wconf 85' lang='lat' dir='ltr'>consuetudines</span> <span class='ocrx_word' id='word_1_325' title='bbox 1287 4091 1426 4172; x_wconf 78' lang='lat' dir='ltr'>abrogari</span> <span class='ocrx_word' id='word_1_326' title='bbox 1441 4110 1507 4155; x_wconf 90' lang='lat' dir='ltr'>non</span> <span class='ocrx_word' id='word_1_327' title='bbox 1524 4092 1652 4167; x_wconf 87' lang='lat' dir='ltr'>debere,</span> <span class='ocrx_word' id='word_1_328' title='bbox 1675 4088 1766 4170; x_wconf 84' lang='lat' dir='ltr'>inpri-</span> 
     </span>
     <span class='ocr_line' id='line_1_39' title="bbox 456 4172 1769 4263; baseline -0.006 -17"><span class='ocrx_word' id='word_1_329' title='bbox 456 4183 516 4247; x_wconf 90' lang='lat' dir='ltr'>mis</span> <span class='ocrx_word' id='word_1_330' title='bbox 539 4200 607 4262; x_wconf 87' lang='lat' dir='ltr'>eas,</span> <span class='ocrx_word' id='word_1_331' title='bbox 640 4200 711 4263; x_wconf 80' lang='lat' dir='ltr'>qua</span> <span class='ocrx_word' id='word_1_332' title='bbox 724 4180 793 4260; x_wconf 85' lang='lat' dir='ltr'>jam</span> <span class='ocrx_word' id='word_1_333' title='bbox 808 4198 861 4261; x_wconf 90' lang='lat' dir='ltr'>per</span> <span class='ocrx_word' id='word_1_334' title='bbox 876 4180 978 4241; x_wconf 87' lang='lat' dir='ltr'>mulsa</span> <span class='ocrx_word' id='word_1_335' title='bbox 992 4175 1098 4240; x_wconf 89' lang='lat' dir='ltr'>secula</span> <span class='ocrx_word' id='word_1_336' title='bbox 1115 4174 1230 4240; x_wconf 89' lang='lat' dir='ltr'>suerint</span> <span class='ocrx_word' id='word_1_337' title='bbox 1248 4176 1278 4239; x_wconf 88' lang='lat' dir='ltr'>in</span> <span class='ocrx_word' id='word_1_338' title='bbox 1295 4172 1437 4240; x_wconf 83' lang='lat' dir='ltr'>Eccleha</span> <span class='ocrx_word' id='word_1_339' title='bbox 1452 4187 1581 4256; x_wconf 76' lang='lat' dir='ltr'>recepte</span> <span class='ocrx_word' id='word_1_340' title='bbox 1598 4187 1692 4256; x_wconf 90' lang='lat' dir='ltr'>atque</span> <span class='ocrx_word' id='word_1_341' title='bbox 1709 4176 1769 4238; x_wconf 78' lang='lat' dir='ltr'>ob·</span> 
     </span>
    </p>
   </div>
   <div class='ocr_carea' id='block_1_8' title="bbox 455 4256 1643 4350">
    <p class='ocr_par' dir='ltr' id='par_1_8' title="bbox 455 4256 1643 4350">
     <span class='ocr_line' id='line_1_40' title="bbox 455 4256 1643 4350; baseline -0.014 -15"><span class='ocrx_word' id='word_1_342' title='bbox 455 4265 601 4350; x_wconf 76' lang='lat' dir='ltr'>serrata,</span> <span class='ocrx_word' id='word_1_343' title='bbox 625 4264 712 4335; x_wconf 85' lang='lat' dir='ltr'>cous·</span> <span class='ocrx_word' id='word_1_344' title='bbox 730 4261 814 4331; x_wconf 78' lang='lat' dir='ltr'>Rev.</span> <span class='ocrx_word' id='word_1_345' title='bbox 833 4256 1066 4331; x_wconf 83' lang='lat' dir='ltr'>MElNERS.</span> <span class='ocrx_word' id='word_1_346' title='bbox 1084 4258 1167 4328; x_wconf 84' lang='lat' dir='ltr'>Hist.</span> <span class='ocrx_word' id='word_1_347' title='bbox 1185 4256 1261 4328; x_wconf 83' lang='lat' dir='ltr'>Res.</span> <span class='ocrx_word' id='word_1_348' title='bbox 1279 4257 1357 4326; x_wconf 89' lang='lat' dir='ltr'>Fris.</span> <span class='ocrx_word' id='word_1_349' title='bbox 1376 4256 1422 4325; x_wconf 86' lang='lat' dir='ltr'>T.</span> <span class='ocrx_word' id='word_1_350' title='bbox 1434 4259 1460 4325; x_wconf 92' lang='lat'>1.</span> <span class='ocrx_word' id='word_1_351' title='bbox 1477 4278 1508 4342; x_wconf 86' lang='lat' dir='ltr'>p.</span> <span class='ocrx_word' id='word_1_352' title='bbox 1520 4273 1571 4340; x_wconf 82' lang='lat'>19,</span> <span class='ocrx_word' id='word_1_353' title='bbox 1589 4272 1643 4320; x_wconf 84' lang='lat'>20.</span> 
     </span>
    </p>
   </div>
   <div class='ocr_carea' id='block_1_9' title="bbox 0 0 2226 5150">
    <p class='ocr_par' dir='ltr' id='par_1_9' title="bbox 0 0 2226 5150">
     <span class='ocr_line' id='line_1_41' title="bbox 0 0 2226 5150; baseline 0 6"><span class='ocrx_word' id='word_1_354' title='bbox 0 0 2226 5150; x_wconf 95' lang='lat' dir='ltr'> </span> 
     </span>
    </p>
   </div>
  </div>
 </body>
</html>
