4442 5150
451 756 625 861 paulisper
641 751 895 845 continuimus,
917 756 1031 854 quoad
1049 758 1151 854 super
1171 757 1373 833 certioribus
1389 756 1534 836 confiliit
1550 763 1727 862 dispicere·

452 882 544 935 mut.
593 859 626 930 A
643 852 798 929 Confilio
816 855 921 953 igitur
941 852 1165 950 agendiapud
1179 863 1339 950 §oratum
1360 855 1552 931 facultatem
1570 861 1727 958 impetro.

455 954 625 1030 statuitur
649 950 720 1022 dier
740 945 901 1023 sabbathi.
949 950 1079 1020 lnterea
1108 970 1187 1020 cccc
1219 972 1308 1020 nora
1339 952 1512 1048 tragoedia.
1562 955 1728 1052 Capitulo

455 1071 535 1121 meo
557 1049 593 1122 S.
608 1045 762 1118 Tltomae
779 1045 879 1115 datur
899 1041 993 1138 spes,
1015 1066 1053 1115 ut
1064 1039 1251 1130 serebatur,
1270 1043 1446 1134 aSenatu,
1471 1046 1642 1122 Bucerum
1656 1077 1726 1128 non

455 1141 531 1216 fore
547 1161 663 1215 tutum
681 1138 773 1236 apud
787 1158 855 1210 tent
882 1138 956 1209 lutn
968 1136 1135 1223 Aureliae,
1156 1140 1250 1231 quod
1265 1139 1416 1212 maritus.
1465 1140 1518 1210 lbi
1529 1164 1610 1215 cura
1621 1148 1725 1220 nostri

458 1261 548 1333 opus
570 1238 660 1324 fuit,
685 1232 833 1328 nequid
856 1163 934 1304 iiinc
958 1231 1179 1303 incommodi
1230 1232 1340 1304 Porro
1359 1233 1487 1306 Comes
1502 1236 1545 1307 de
1563 1237 1725 1340 Lynigen

457 1330 608 1405 crudelia
634 1328 741 1426 magis
768 1323 982 1415 commovit,
1011 1326 1066 1400 sed
1094 1326 1262 1414 aliunde,
1295 1349 1335 1401 ut
1369 1329 1533 1419 videtur,
1560 1332 1725 1409 incitatus.

458 1426 556 1502 Nam
570 1444 610 1497 ut
627 1422 825 1498 etam-oausa
842 1419 1064 1493 conficienda
1076 1422 1390 1517 componendaque
1405 1423 1474 1496 litit
1487 1423 1532 1495 ad
1556 1423 1653 1498 illum
1665 1424 1725 1502 ad·

458 1515 740 1606 mandatus‚'die
757 1517 853 1609 Jovis
875 1515 947 1612 ejus
974 1513 1193 1608 septimanal,
1218 1515 1451 1609 placide-satu
1473 1517 1664 1613 respondit,
1687 1516 1726 1598 ὃς

458 1637 531 1686 retu
558 1612 718 1720 perduxit
745 1613 780 1683 in
806 1611 900 1682 diem
924 1608 1109 1705 posterum.
1165 1611 1292 1683 lterum
1312 1633 1368 1684 me
1388 1611 1465 1684 tillo
1488 1611 1575 1685 intra
1595 1617 1725 1689 curiam

461 1707 607 1782 Domtni
625 1707 671 1778 ab
690 1705 908 1802 Henneberg.
959 1703 1057 1774 Tum
1077 1703 1135 1774 ille
1151 1726 1235 1776 mox
1252 1707 1411 1799 iracunde
1424 1708 1546 1794 multa,
1572 1705 1726 1786 Domino

460 1803 585 1875 acdium
603 1824 684 1874 cunt
709 1819 832 1895 nepotc
850 1799 975 1871 &tota
999 1795 1122 1868 familia
1138 1796 1370 1892 inspedlante,
1390 1800 1533 1874 infandis
1547 1823 1728 1879 contume-

460 1896 513 1970 liis
526 1897 669 1993 petitum
687 1895 722 1968 ὅ(
742 1891 948 1964 clamoribus
966 1889 1098 1962 futiofis
1113 1891 1281 1993 audiendo
1298 1894 1516 1992 defatigatum
1535 1894 1724 1974 interlicere

459 1988 717 2082 admolitusest‚
740 1988 871 2060 nemine
882 1985 1038 2058 omniurn
1051 1984 1268 2080 prohibente,
1290 1993 1404 2085 quoad
1416 2014 1471 2062 me
1483 1989 1579 2083 Deus
1589 1993 1723 2067 tandem

459 2088 612 2181 eriperet.
661 2083 881 2167 Periculum,
901 2078 986 2150 milti
1007 2080 1106 2151 crede
1127 2081 1192 2153 fuit
1216 2106 1349 2179 anceps.
1396 2085 1462 2158 Sed
1505 2106 1601 2159 taeter
1620 2089 1724 2160 animi

464 2178 678 2250 formidinem
703 2178 841 2250 vultutn
866 2197 935 2245 non
954 2175 1115 2270 mutavi,
1140 2175 1255 2248 iitdetn
1279 2179 1409 2251 fortiter
1428 2109 1576 2276 veliigiis
1592 2180 1728 2273 inhaefi,

463 2273 655 2346 recordatus
678 2275 712 2344 in
726 2271 848 2343 eodem
871 2267 1040 2358 articulo,
1062 2289 1180 2342 omnes
1194 2271 1312 2366 capitis
1329 2274 1397 2345 mei
1413 2273 1552 2372 capillos
1569 2296 1728 2347 numera·

464 2385 537 2456 tos,
558 2365 712 2440 calutum
732 2386 791 2437 aut
811 2363 1013 2449 evasurum,
1039 2384 1078 2436 ut
1095 2364 1181 2460 patn'
1198 2367 1308 2440 visum
1330 2365 1408 2441 ellet
1429 2369 1529 2462 :·qui
1548 2365 1623 2440 filio
1639 2367 1726 2442 nihil

459 2461 670 2536 incommodi
686 2459 782 2548 velit,
802 2476 1029 2553 nequequam
1045 2460 1148 2547 velit,
1169 2459 1218 2532 illi
1232 2461 1519 2561 pollequicquam
1536 2461 1728 2537 incommo-

461 2556 539 2631 dius
556 2556 715 2631 accidcrc.
764 2551 955 2651 Appetebat
977 2550 1181 2644 Sabbatum,
1204 2580 1325 2654 magna
1337 2555 1487 2631 libertate
1497 2581 1563 2657 ago
1573 2581 1654 2632 cum
1667 2561 1729 2634 Se·

461 2672 545 2725 natu
557 2706 568 2739 ,
581 2648 720 2747 rejectis
741 2648 1007 2720 adversariorum
1029 2652 1258 2747 argumentis,
1279 2669 1359 2745 quae
1375 2654 1541 2749 conjicere
1560 2651 1729 2748 oportuit·

463 2746 527 2818 Ma
577 2767 636 2815 unt
649 2762 717 2814 erat
728 2746 880 2815 omnium
893 2741 1078 2830 silentium,
1101 2741 1211 2830 utlit,
1228 2743 1730 2841 dumqutsquestbideplotata

461 2768 677 2913 canifcavet.
731 2834 970 2909 Deliberarunt.
986 2835 1100 2931 itaque
1111 2842 1148 2908 in
1170 2835 1286 2909 horam
1300 2858 1406 2934 prope
1424 2842 1594 2931 quintam,
1618 2859 1730 2934 neque

460 2933 531 3008 fine
547 2932 628 3005 Deo
650 2930 887 3005 deliberarunt.
940 2931 1032 3003 Nam
1051 2930 1110 3026 qui
1131 2932 1257 3006 nudius
1275 2953 1416 3030 quattus
1431 2929 1592 3005 Parochia
1604 2931 1731 3005 tncttb··

456 3028 676 3118 dicarant,illi
687 3026 789 3119 ,iidem
804 3027 926 3099 iterum
939 3025 1120 3115 addicunt,
1139 3028 1180 3100 ad
1192 3027 1332 3101 natalem
1346 3049 1456 3124 usque
1470 3026 1627 3115 Iohannis
1642 3029 1730 3127 Bap-

461 3125 574 3196 tillae:
601 3146 677 3194 narn
695 3126 791 3193 aliter
803 3121 887 3191 milti
903 3117 1118 3193 addidlanott
1130 3140 1212 3195 erat.
1253 3124 1419 3197 Praeterea
1432 3143 1636 3198 convenerat
1647 3148 1728 3197 cum

462 3217 637 3291 Parochiir
656 3216 819 3288 omnibus
846 3214 1041 3286 Christiane
1064 3217 1298 3311 providendis.
1347 3220 1429 3291 Nec
1452 3239 1562 3291 tamen
1581 3221 1730 3308 interim,

463 3315 547 3383 dunt
560 3312 726 3406 parochiis
740 3309 837 3405 potiti
853 3308 986 3399 furnus,
1009 3308 1148 3384 eluctati
1160 3312 1293 3400 sumus,
1318 3332 1357 3384 ut
1373 3312 1475 3385 libere
1484 3314 1528 3385 ab
1536 3313 1731 3385 adversariis

463 3405 641 3478 Christum
673 3407 779 3478 liceatt
801 3403 944 3475 atl'ctere
1005 3405 1103 3490 Mira
1117 3406 1284 3479 mutatio:
1311 3405 1519 3504 Curtisanis,
1547 3406 1608 3498 qui
1630 3406 1732 3475 tniffis

464 3502 616 3597 undique
631 3502 733 3572 literis
743 3523 806 3571 nos
818 3498 924 3592 pridie
933 3498 1095 3594 expulsos
1105 3499 1238 3597 gloriati
1255 3501 1349 3585 sunt,
1359 3500 1479 3569 vultus
1490 3519 1639 3570 moerore
1649 3521 1733 3569 con·

465 3594 560 3667 cidit.
613 3596 680 3666 Piis
694 3618 739 3666 ex
756 3592 1102 3689 dilpensationemens
1116 3592 1238 3666 ereda.
1286 3592 1731 3665 Citium&Senatuscon·

465 3689 580 3759 cordia
600 3688 709 3776 farta,
731 3711 811 3784 quae
834 3708 943 3759 tamen
961 3711 1074 3760 revera
1092 3688 1253 3759 necdum
1273 3685 1393 3757 dilluta
1417 3684 1536 3758 fuerat.
1588 3685 1733 3782 Propter

464 3785 853 3855 excommunicationem
873 3779 1032 3877 Episcopi
1051 3804 1151 3852 nemo
1163 3778 1490 3868 satcrifi'cultts‚nulla
1504 3782 1625 3854 mulier
1638 3809 1732 3856 com·

466 3898 558 3946 mota
570 3878 640 3949 ell:
666 3901 732 3950 tam
746 3894 926 3948 commode
942 3877 1065 3947 cecidit
1076 3875 1270 3970 appellatio.
1319 3875 1459 3947 Senatus
1469 3877 1539 3972 agit
1559 3878 1655 3950 causa
1667 3881 1732 3951 mei

463 3994 545 4042 cum
560 3973 715 4059 Comite,
740 3994 850 4067 neque
860 3971 951 4041 aliud
969 3994 1005 4040 ca
1035 3988 1166 4055 tamus,
1184 3990 1287 4063 quam
1303 3990 1480 4066 utcunque
1494 3972 1658 4043 diluerem
1670 3973 1734 4044 ob·

462 4064 552 4160 jeua
566 4068 726 4139 crimina:
749 4067 864 4137 omnia
876 4063 961 4134 mihi
975 3994 1082 4230 sui}
1109 4062 1162 4136 sed
1175 4062 1325 4158 inquieta
1338 4063 1429 4157 satir,
1451 4067 1550 4137 etiarn
1563 4068 1639 4161 post
1654 4066 1733 4140 l'ata·

1079 4180 1103 4231 2
1666 4164 1732 4233 lent
