4442 5150
304 731 306 736 ,
498 653 576 734 -168
694 588 1077 729 HISTORIA
1123 647 1565 729 EVANGELII
1644 653 1814 755 nme.

505 785 604 880 quod
624 784 798 858 addiderit
816 806 892 856 tum
912 806 1054 879 quoque
1067 781 1233 877 Elestor,
1252 781 1407 876 pastores
1426 786 1709 861 commonendos
1718 787 1814 880 else,

506 905 550 955 ut
567 883 728 954 Verbum
748 882 909 952 divinum
930 883 966 952 δε
987 880 1225 977 Evangelium
1245 877 1439 952 l'ecundirrn
1456 905 1578 954 vetum
1591 887 1626 955 bt
1640 883 1815 957 Christia-

508 1003 595 1051 num
624 979 755 1050 sensum
785 978 1019 1074 praedicarent
1048 979 1084 1048 δί
1114 981 1451 1070 interpretarentur,
1488 978 1513 1050 st
1541 976 1627 1050 verb
1646 982 1817 1061 nonsatis

508 1078 616 1171 periti
634 1078 672 1148 ὃ(
687 1075 789 1148 dodii
808 1073 939 1164 essent,
956 1094 998 1145 ut
1020 1071 1082 1142 stbi
1103 1073 1232 1145 librum
1254 1075 1485 1172 Witebergae
1504 1075 1732 1170 impressum,
1752 1079 1816 1178 qui

506 1172 726 1268 Postillarum
752 1172 899 1243 titulum
929 1168 1103 1262 babebat,
1138 1193 1408 1267 compararent,
1445 1175 1481 1251 ὃ(
1509 1197 1553 1244 ex
1574 1175 1637 1245 illo
1654 1176 1816 1271 explica·

467 1350 473 1356 ,
505 1273 622 1343 tiones
641 1270 779 1366 populo
798 1269 1055 1365 preelegerent,
1081 1269 1222 1358 addita,
1242 1267 1303 1338 ubi
1324 1294 1414 1365 opus
1425 1269 1531 1360 esset,
1550 1270 1815 1361 declaratione,

508 1366 578 1442 Uti
605 1369 720 1439 Ratio
748 1365 950 1438 celebrandi
979 1364 1122 1435 Missam
1152 1389 1216 1460 per
1241 1367 1391 1438 Paulum
1410 1371 1585 1458 Speratum
1605 1371 1640 1448 in
1659 1368 1815 1443 Germa·

479 1549 481 1555 .
507 1466 630 1537 nicum
660 1464 792 1535 idioma
817 1482 905 1534 tunc
924 1461 1088 1534 translata
1105 1461 1275 1533 edebatur
1295 1465 1367 1534 &e
1403 1462 1601 1537 Enimverb
1617 1489 1665 1538 ex
1685 1465 1738 1539 his
1759 1489 1815 1540 at·

502 1585 579 1658 que
607 1561 777 1633 similibus
793 1579 914 1656 patet,
940 1581 1044 1654 quarn
1067 1559 1165 1629 lento
1184 1560 1295 1654 gradu
1317 1582 1464 1657 propter
1483 1563 1635 1636 rationes
1652 1565 1724 1659 jam
1741 1588 1817 1638 nort

507 1658 768 1749 eviscerandas,
803 1658 883 1728 haec
909 1653 1090 1752 progressa
1115 1654 1223 1727 suerit
1250 1656 1480 1749 reformatio,
1514 1662 1648 1755 quippe
1673 1684 1754 1758 quae
1772 1685 1817 1736 ne

508 1757 652 1852 quidem
678 1773 829 1850 propter
854 1773 1010 1824 retentos
1035 1753 1276 1848 quammultos
1302 1757 1418 1846 ritus,
1466 1756 1487 1825 li
1516 1781 1588 1829 non
1617 1758 1817 1833 idololatria

500 1877 570 1926 cos
596 1851 714 1923 saltem
741 1848 1019 1947 superstitiosos,
1055 1851 1158 1943 plena
1184 1850 1274 1941 fuit,
1310 1877 1392 1923 curn
1418 1854 1454 1925 ὅ(
1474 1854 1668 1928 Canonicis
1688 1858 1817 1930 Alten·

503 1949 743 2045 >burgensibus
777 1947 834 2018 vel
861 1966 939 2019 turn
967 1947 1131 2019 Luthero
1157 1973 1228 2020 non
1256 1949 1473 2021 dilliradenre
1501 1951 1551 2038 (a)
1586 1951 1706 2023 cultus
1734 1977 1816 2049 per·

503 2049 713 2118 'mitteretur
747 2043 970 2131 miffaticus3
1014 2045 1115 2117 Alibi
1142 2066 1260 2119 tamen
1287 2049 1410 2142 purior
1435 2045 1596 2118 doctrina
1622 2052 1815 2148 propagari

501 2169 566 2218 -coe
597 2165 636 2217 rt.

556 2168 668 2315 gene*
695 2240 735 2313 ad
766 2238 953 2338 Evangelii
980 2237 1134 2313 faciebat
1158 2242 1444 2334 incrementum,
1479 2244 1576 2338 quod
1602 2244 1638 2318 in
1665 2246 1818 2321 Ducatu

493 2338 645 2413 vSileliae
666 2339 979 2413 SAGANENSI
998 2341 1104 2433 primi
1125 2339 1633 2422 Corrcionaroresaudirentur
1651 2345 1688 2415 in
1703 2346 1818 2442 pagis,
1888 2399 1893 2407 .

508 2433 766 2530 Ecltersdorff,
794 2436 1053 2527 Dietersbach,
1081 2436 1189 2508 Kuna
1208 2438 1245 2510 δε
1265 2434 1552 2532 Greiffenheim,
1577 2440 1642 2513 nisr
1661 2442 1818 2539 Georgii

502 2535 676 2608 Saxoniae
704 2536 848 2629 Ducis,
882 2534 1120 2635 Evangelium
1150 2533 1409 2631 respuentis&
1436 2538 1496 2609 cui
1515 2541 1818 2615 tamen-Ducatus

509 2632 677 2730 parebat,
712 2632 900 2707 obstitisset
925 2633 1110 2727 severitas,
1143 2654 1251 2731 atque
1277 2634 1312 2706 id
1332 2630 1528 2730 effecisset,
1554 2663 1598 2710 ne
1616 2635 1820 2721 herbescere

507 2729 623 2826 posset
647 2733 806 2806 veritatis
825 2731 939 2806 semen
952 2765 963 2818 3
994 2734 1028 2805 Is
1045 2735 1163 2824 enim,
1191 2732 1335 2806 srnrulac
1356 2734 1390 2804 id
1411 2735 1619 2827 resciverat,
1647 2718 1820 2832 praefedbb

504 2828 672 2903 Ducatus
700 2829 882 2929 Sigesrido
904 2828 924 2901 d
944 2831 1109 2903 Neihern
1128 2832 1331 2923 mandavit,
1359 2856 1503 2925 operam
1523 2833 1643 2921 daret,
1670 2833 1818 2926 nequid

500 2926 557 3013 ¹ibi
576 2928 780 3002 detrimenti
802 2947 943 3025 caperet
965 2928 1092 3021 religio
1113 2927 1329 3015 Pontificio,
1356 2951 1461 3020 quern
1481 2950 1597 2999 tarnen
1614 2928 1699 2998 huic
1717 2951 1818 2998 man-

360 3098 362 3103 ,
507 3023 591 3096 dato
616 3050 687 3098 non
708 3026 900 3096 admodum
919 3019 1167 3093 obsecundasse
1185 3020 1347 3106 refertur.

556 3122 746 3218 Quidquid
767 3120 834 3212 stt,
851 3121 886 3189 in
899 3115 1046 3188 Ducatu
1061 3116 1281 3207 JAGERN
1291 3115 1569 3190 DORFENSI
1585 3117 1819 3193 tesseliciori·

506 3218 571 3291 bus
584 3219 748 3313 auspiciis
759 3212 968 3286 succedebat
980 3245 991 3297 3
1015 3213 1160 3283 Emerat
1173 3211 1306 3284 scilicet
1318 3215 1413 3284 bunc
1427 3214 1607 3286 Ducatum
1619 3213 1639 3286 d
1650 3218 1818 3316 Georgio

507 3308 1818 3412 dScbellenbergNicolaiTroppaviensrs&RatiborensrsDucisgene·

505 3440 569 3503 ro,
597 3406 884 3483 GEORGlUS
907 3406 1076 3480 Matcbio
1099 3407 1434 3505 brandeburgicus,
1460 3409 1504 3479 de
1523 3412 1626 3506 cujus
1646 3437 1762 3508 prono
1782 3416 1819 3488 in

509 3506 748 3603 Evangelium
768 3501 965 3600 affectum)
981 3507 1056 3603 jam
1075 3526 1156 3577 ante
1174 3507 1334 3602 quaedam
1356 3509 1580 3593 monuimus3
1603 3511 1705 3582 Adeo
1724 3514 1819 3589 enim

508 3605 729 3699 Evangelica
746 3606 897 3696 veritas,
921 3605 997 3700 ejus
1015 3603 1056 3675 ad
1075 3603 1109 3676 se
1126 3606 1282 3677 animum
1301 3605 1517 3699 arripuerat,
1543 3627 1650 3703 atque
1668 3610 1718 3679 ita
1734 3634 1818 3684 eum

507 3723 627 3777 totum
656 3700 720 3775 fibi
745 3702 1080 3802 conglutinaverat,
1100 3703 1152 3779 t&
1177 3705 1438 3799 conjunxerat,
1473 3724 1515 3776 ut
1533 3704 1590 3778 vel
1614 3728 1820 3802 cognomen

1749 3804 1820 3876 PII

378 4056 384 4067 .
545 3964 596 4044 (a)
620 3963 685 4029 vid.
704 3905 1041 4031 SECKENDOXF.
1068 3962 1110 4029 L.
1130 3963 1172 4029 ΙΙ.
1196 3986 1226 4049 p.
1243 3982 1295 4047 49.
1320 3961 1616 4032 &SCULTET.
1634 3963 1757 4031 Decad.
1773 3963 1817 4029 11.

507 4046 715 4211 nggffi'mt
742 4130 872 4215 Cafpari
897 4130 916 4194 a*
941 4129 1111 4198 LILIEN
1135 4130 1247 4196 Oratio
1270 4131 1309 4194 de
1335 4132 1477 4216 Georgio
1495 4130 1702 4215 Matggravio
1718 4129 1819 4200 Bran·

504 4215 596 4279 denb.
624 4214 752 4281 Pruffia
775 4214 898 4294 Duce,
939 4216 1012 4280 fidei
1035 4214 1254 4300 antiquiffimae
1280 4216 1310 4280 dt
1336 4215 1410 4281 veri·
1436 4215 1611 4281 Catholicae
1635 4213 1818 4301 defensore,

503 4297 670 4384 Iiayreurlr.
683 4298 775 4385 1684.
793 4320 823 4386 4.
848 4298 935 4368 cons.
954 4321 1025 4387 que
1039 4300 1107 4386 jam
1125 4298 1156 4383 §.
1173 4296 1349 4367 XXXIV.
1368 4297 1502 4367 diximus
1520 4298 1551 4365 dt
1568 4297 1598 4380 b.
1612 4294 1706 4365 Llll.
1757 4370 1761 4381 ,
