4442 5150
1046 499 1169 606 (35)

463 644 553 738 diis,
573 644 831 742 rationibusque
849 640 998 737 probatis
1014 659 1048 716 et
1066 628 1263 733 modeiatis,
1288 666 1393 742 prout
1409 652 1538 752 negotii
1554 659 1754 757 magnitudo
1851 735 1864 750 ,

472 743 639 844 postulat,
660 742 853 814 evellerent:
870 737 1063 834 exstirpate.

524 839 569 910 ll.
601 837 748 909 Proinde
789 854 985 929 reputamus
1017 831 1229 937 nobiscum,
1259 832 1283 906 li
1314 838 1474 935 cuiquam
1511 865 1556 916 ex
1593 848 1751 944 majori.

473 934 538 1008 bus
551 932 671 1018 nostris
682 930 746 1001 hac
758 928 792 999 in
811 950 845 998 te
864 925 948 998 bene
965 950 1084 999 mereri
1108 928 1151 998 de
1167 928 1306 1001 nomine
1325 934 1521 1010 Christiano
1538 963 1606 1011 non
1620 939 1687 1014 fuit
1698 967 1750 1017 re.

472 1027 660 1104 cusandum
678 1050 696 1096 a
713 1022 811 1095 nobis
827 1044 968 1118 quoque
993 1020 1095 1120 longe
1112 1020 1269 1126 pluribus
1292 1025 1335 1098 de
1356 1029 1462 1102 causis
1483 1030 1573 1106 idem
1599 1038 1749 1110 muneris

474 1123 653 1216 onerisque
670 1118 809 1215 suscipi:
819 1115 998 1214 postquam
1015 1118 1277 1210 Omnipotentis
1293 1119 1358 1194 Dei
1370 1122 1518 1216 bonitas,
1539 1129 1579 1201 ad
1593 1154 1704 1227 ptopu
1732 1174 1747 1191 .

471 1217 641 1289 nationem
658 1236 691 1286 et
714 1215 975 1298 incrementum,
1005 1210 1220 1283 sacrosannae
1238 1211 1317 1286 fidei
1339 1219 1430 1306 sunt,
1463 1245 1525 1294 nos
1547 1243 1598 1295 tot
1614 1248 1690 1296 accc
1720 1253 1746 1298 1.

472 1322 538 1384 one
566 1333 774 1409 regnorum,
797 1306 1071 1404 provinciarum,
1091 1307 1293 1402 nrajorlsque
1329 1316 1516 1406 potentiae,
1552 1343 1654 1414 quarn
1684 1321 1745 1391 ali·

471 1426 559 1504 quot
585 1427 674 1477 tetro
702 1403 820 1475 leculis
848 1424 1057 1496 quemquam
1089 1402 1122 1470 in
1160 1404 1303 1497 impet-io
1325 1430 1369 1478 ex
1393 1409 1577 1505 majoribus
1606 1413 1743 1504 nollris,

469 1525 521 1575 am
551 1499 710 1583 lilicavit‚
730 1494 863 1568 ornavit
878 1514 910 1565 et
921 1495 1080 1566 armavit:
1105 1495 1270 1594 Cumque
1281 1523 1381 1601 gente
1396 1504 1535 1596 quidem
1550 1507 1744 1581 aChtistia.

463 1597 502 1668 'ni
531 1590 1090 1676 imisCaesaribus‚tlrchiducibus
1104 1592 1267 1685 Aulhiae,
1291 1618 1324 1669 et
1339 1596 1548 1703 Burgundiae
1568 1601 1741 1694 Ducibus,

467 1690 572 1786 stirpe
584 1714 666 1763 veto
684 1711 702 1757 a
717 1685 904 1759 Catholicis
919 1682 1107 1778 Hispaniae,
1130 1685 1270 1779 Siciliae,
1297 1690 1550 1785 Hierololymae
1564 1696 1740 1794 Regibus,

461 1789 581 1860 'noller
592 1783 767 1858 descendat
779 1801 889 1866 ortus,
912 1801 1062 1873 quorum
1085 1779 1127 1850 de
1140 1776 1346 1858 facinoribus
1357 1787 1520 1882 egregiis,
1543 1794 1741 1884 proruenda

467 1879 630 1980 religione
654 1875 845 1950 Christiana
865 1877 962 1948 domi
984 1873 1183 1973 militiaque
1210 1879 1404 1980 defignatis,
1430 1881 1525 1952 nulla
1541 1885 1742 1959 conticescet

462 1995 559 2049 aetas.
1736 2038 1742 2048 ,
1806 1996 1808 1999 ·

516 2072 578 2144 lll.
601 2065 773 2161 Quocirca
793 2065 816 2137 st
836 2064 973 2138 haereses
990 2065 1151 2163 quasdam
1169 2067 1229 2142 vix
1251 2069 1376 2144 abhinc
1394 2069 1538 2143 triennio
1555 2069 1589 2145 in
1607 2071 1741 2148 natione

459 2166 669 2241 Germanica
687 2162 795 2258 spargi
815 2181 966 2256 coeptas,
991 2182 1024 2233 et
1038 2163 1177 2235 antehac
1195 2187 1255 2259 per
1267 2164 1469 2238 sacrosansla
1481 2167 1638 2240 Concilio
1677 2193 1740 2240 on·

465 2261 671 2355 tificurnque
686 2259 828 2327 Decreta
840 2280 919 2328 cunr
935 2253 1083 2326 eeclefiae
1100 2256 1276 2329 catholicae
1287 2259 1470 2348 consensu,
1486 2284 1566 2333 vere
1577 2195 1740 2335 conlim-

464 2375 557 2429 natas
576 2371 610 2426 et
630 2350 767 2438 e'eslas,
782 2348 1044 2446 jamquedenuo
1059 2347 1154 2420 velut
1172 2374 1215 2422 ex
1233 2353 1410 2445 profundis
1427 2354 1499 2425 orci
1518 2355 1673 2428 saucibus
1686 2382 1737 2429 te·

461 2447 605 2537 anastas,
624 2376 723 2518 aitius
743 2443 906 2516 radiculas
924 2440 1112 2514 diffundere
1129 2467 1168 2514 ac
1190 2468 1376 2542 propagate
1399 2465 1607 2540 pateremur,
1628 2451 1736 2547 negli.

462 2565 649 2647 gentesque
670 2539 866 2627 contrivere,
897 2535 1095 2635 indulgere,
1123 2535 1327 2613 dilhmulare
1398 2562 1594 2638 rgetemus‚
1622 2546 1735 2639 ptimo

462 2638 674 2714 conscientiae
692 2635 816 2706 nostrae
832 2632 924 2739 quast
941 2630 1142 2729 contagione
1165 2633 1343 2727 pellilentil
1357 2638 1416 2708 rmi
1429 2635 1660 2710 carcinomatis
1675 2643 1733 2713 atl-

463 2735 551 2809 flatae
569 2734 666 2833 plaga
684 2729 820 2828 gravior
843 2726 1017 2801 insiderett
1048 2726 1169 2827 deinde
1191 2726 1423 2825 sempiternam
1451 2728 1598 2804 nominis
1627 2734 1733 2807 nostri

462 2831 629 2932 gloriam,
662 2827 695 2897 in
712 2845 780 2896 tarn
799 2822 887 2895 felici
907 2820 1109 2895 florescentis
1122 2823 1253 2919 imperii
1267 2824 1450 2916 vestibulo,
1474 2848 1538 2899 ceu
1553 2827 1737 2927 caliginosa

462 2925 618 3023 quaedam
631 2919 754 2992 nebula
767 2916 973 2990 inumbraret
985 2940 1087 3084 atque
1101 2918 1303 2992 involveret.

511 3023 575 3095 lV;
613 3018 707 3091 Cum
741 3012 852 3109 itaque
886 3010 951 3083 fine
979 3013 1027 3084 du
1054 3013 1087 3083 io
1114 3012 1241 3084 nemini
1269 3015 1418 3091 vestrum
1452 3017 1493 3090 sit
1526 3015 1730 3105 obscurum,

460 3141 565 3214 quam
583 3110 704 3212 procul
723 3132 850 3181 errores
869 3106 1076 3202 haeresesque
1093 3106 1317 3181 aChriliiana
1339 3112 1393 3184 via
1413 3113 1566 3186 recedant
1578 3136 1617 3184 ac
1629 3114 1732 3185 decli·

458 3232 556 3300 nent,
578 3232 662 3307 quas
679 3203 935 3304 Augustinianae
948 3200 1083 3273 familiae
1101 3202 1241 3298 quidam
1256 3212 1425 3276 Martinus
1440 3210 1616 3294 Lurherus,
1629 3206 1663 3279 in
1675 3231 1733 3278 or·

454 3306 579 3376 dinect
592 3300 777 3399 Religione
792 3296 1001 3381 Christiana,
1023 3297 1177 3392 inprimis
1189 3315 1301 3370 autem
1314 3298 1348 3371 in
1361 3300 1482 3373 illustri
1494 3300 1629 3373 natione
1641 3303 1732 3375 Ger·

456 3398 605 3485 manica,
628 3417 747 3492 utpote
775 3387 1015 3558 indefatigabili
1045 3389 1222 3463 haeresium
1249 3391 1504 3491 impiorumque
1528 3397 1729 3493 dogmatum

455 3491 627 3577 deletrice,
650 3492 813 3562 violenter
825 3491 913 3559 intro
939 3507 1055 3574 ucere,
1077 3486 1550 3584 virulenterquedill'eminate
1569 3514 1729 3581 conatur,

453 3605 547 3660 tanto
572 3609 653 3656 cum
702 3584 850 3667 foresto,
873 3602 911 3654 ut
931 3579 989 3651 nisi
1016 3597 1148 3652 mature
1168 3580 1388 3680 celeriterque
1400 3603 1466 3655 tam
1481 3607 1657 3679 promptae
1669 3611 1728 3659 oc·

453 3700 609 3755 curratur·
620 3610 1010 3775 autiitciaepostmodum
1025 3676 1179 3747 universi
1190 3678 1391 3767 Germania,
1412 3679 1463 3751 his
1478 3678 1607 3751 morbis
1633 3682 1728 3756 inve·

454 3773 723 3860 terascentibus,
762 3771 983 3847 miserabilem
1008 3774 1138 3841 ruinam
1165 3790 1200 3844 et
1227 3772 1399 3846 interitum
1430 3773 1541 3851 omnis
1565 3778 1726 3869 virtutis,

450 3871 670 3945 honestorum
694 3886 853 3954 motum,
876 3861 996 3961 pacis',
1021 3864 1171 3957 fideique
1193 3866 1397 3940 Christianae
1421 3868 1458 3940 sit
1487 3867 1626 3965 passura.

501 3969 545 4044 V.
569 3967 749 4062 Propterea
768 3984 837 4038 non
861 3958 1274 4125 inmeritoEsausbissimus
1297 3964 1396 4038 l'atcr
1430 3965 1506 4039 Leo
1534 3964 1574 4054 X
1606 3965 1727 4040 Sacro·-

1096 4076 1120 4126 2
1656 4062 1725 4133 lin·
