4442 5150
1025 508 1186 612 (145)

451 660 543 737 pem
561 635 713 712 vestrum
731 655 864 738 ageret,
884 651 1021 712 morum
1038 659 1180 713 tuorum
1197 637 1370 730 suavitate,
1395 637 1555 714 sermonis
1566 641 1740 737 comitate,

449 759 505 807 .ac
524 734 605 807 boni
623 735 769 806 nominis
786 733 989 833 fragrantia,
1010 733 1095 808 aded
1115 733 1202 806 beni:
1220 754 1299 832 erga
1316 754 1348 807 te
1369 733 1456 808 affici
1478 735 1612 828 coepit,
1634 758 1672 810 ut
1687 742 1740 811 ni-

466 830 516 901 hil
527 852 602 915 non
613 827 708 923 quod
721 827 858 900 honeste
872 828 1017 924 poterit,
1042 848 1104 902 tuo
1122 828 1278 914 nomine,
1302 828 1335 900 in
1355 832 1404 902 tui
1424 827 1565 928 gratiam
1584 829 1739 906 fadlurus

466 923 518 998 srt.
567 925 625 993 Te
644 923 733 993 eninr
759 934 812 1004 (ut
850 923 1048 1006 iosomnes)
1066 943 1210 995 amatae
1232 922 1409 1012 observat,
1433 923 1531 996 eriam
1551 920 1735 999 desiderat:

465 1039 578 1114 eoque
591 1015 725 1088 conscio
738 1014 799 1088 tibi
815 945 941 1105 bubo,
967 1037 999 1090 et
1012 1041 1072 1112 per
1087 1018 1203 1088 fratres
1223 1017 1480 1112 Argentinenses
1493 1015 1590 1088 scribi
1603 1019 1737 1112 curavi,

467 1111 583 1186 beatos
597 1133 659 1183 nos
676 1110 891 1200 existimans,
916 1111 940 1182 fi
964 1130 996 1184 te
1013 1111 1178 1211 collegam
1200 1109 1348 1182 habituri
1367 1112 1481 1184 limus.
1529 1110 1647 1202 Quam
1666 1117 1737 1183 vel-

466 1203 535 1278 lem
558 1205 618 1280 tibi
635 1204 858 1276 commodum
875 1228 915 1277 ac
939 1205 1109 1303 integrum
1127 1204 1206 1278 ellet
1222 1203 1342 1277 isthinc
1365 1204 1520 1294 solvere,
1544 1206 1580 1279 bc
1598 1204 1667 1277 huc
1679 1207 1737 1277 ad-

468 1300 596 1376 volare.
643 1299 815 1393 Equidem
847 1298 973 1372 rametfi
1007 1300 1158 1372 minimae
1189 1296 1298 1395 frugis
1327 1299 1434 1371 homo
1467 1299 1554 1389 fim,
1583 1298 1607 1370 li
1637 1300 1737 1377 nobis

466 1396 701 1494 contingeres,
726 1391 810 1463 nihil
821 1393 1011 1467 omitterem
1028 1391 1247 1480 officiorum,
1265 1414 1345 1488 quae
1363 1392 1407 1466 ab
1421 1392 1618 1468 amiciffimo
1633 1417 1736 1488 expe.

467 1488 615 1562 uantur.
664 1487 781 1560 Multa
803 1485 879 1558 sarid
901 1487 958 1560 hic
979 1487 1160 1560 commoda
1183 1486 1358 1559 habiturus
1383 1487 1474 1560 elles.
1519 1488 1664 1560 Coelum
1688 1490 1736 1560 dt·

468 1582 589 1671 lubre,
617 1584 699 1656 urbs
715 1603 868 1666 amoena,
893 1581 988 1676 plebs
1003 1605 1097 1653 nunc
1107 1605 1168 1677 per
1180 1579 1358 1652 Christum
1375 1582 1465 1676 pacis
1480 1578 1680 1676 studrolr'or,
1696 1610 1735 1662 ac

467 1677 690 1768 fimplicitatis
720 1672 980 1763 observantior,
1011 1675 1306 1774 typographorum
1335 1677 1377 1746 ad
1407 1700 1543 1749 manum
1578 1701 1735 1777 prompta

467 1770 621 1859 facilitas,
646 1767 712 1842 loci
733 1768 909 1839 claritudo.
936 1791 998 1840 nec
1014 1769 1137 1840 dubito
1156 1767 1277 1863 quinis
1293 1764 1416 1840 laboris
1433 1794 1501 1842 non
1524 1770 1651 1868 pigeat,
1673 1800 1734 1847 no.

468 1864 591 1938 bilium
613 1860 940 1937 adolescentulorum
962 1882 1130 1935 catervam
1149 1863 1243 1935 brevi
1262 1861 1471 1936 collecturus
1488 1862 1543 1955 sis,
1569 1869 1589 1938 ἐ
1610 1868 1737 1961 quibus

466 1982 538 2034 non
555 1981 674 2054 parum
694 1955 756 2030 tibi
771 1955 934 2029 utilitatis.
982 1957 1120 2030 Habuit
1137 1958 1203 2030 hoc
1221 1959 1387 2052 perpetuo
1407 1957 1546 2048 Bafilea,
1571 1978 1609 2030 ut
1625 1960 1736 2037 doctis

468 2053 648 2156 gratillrma
673 2050 773 2123 fucrit
789 2051 917 2123 civitas.
964 2049 1062 2141 Quid
1081 2072 1178 2148 puras
1201 2060 1373 2123 Erasmum
1392 2053 1448 2125 hic
1466 2050 1619 2128 detinet?
1642 2056 1736 2132 inre-

467 2150 565 2224 nillet
582 2147 658 2220 sane
675 2147 711 2220 ὅ(
728 2145 807 2216 alibi
829 2145 985 2218 locorum
999 2146 1244 2244 typographos.
1292 2149 1339 2217 At
1355 2148 1441 2241 quid
1457 2166 1490 2220 re
1513 2171 1627 2222 moror
1645 2153 1736 2225 mul·

467 2244 537 2317 tis?
558 2243 593 2315 Si
617 2240 762 2312 liberum
785 2238 847 2309 tibi
864 2240 913 2308 est
943 2241 1192 2338 Heidelbergam
1212 2239 1421 2333 relinquere,
1448 2241 1485 2315 ὃ(
1508 2243 1640 2316 animus
1665 2245 1736 2322 huc

467 2334 658 2432 migrandi,
683 2331 937 2426 quamprimum
955 2332 1008 2403 vel
1020 2331 1089 2425 ipse
1106 2332 1199 2418 veni,
1226 2331 1281 2404 vel
1300 2333 1403 2403 literis
1419 2335 1484 2405 tuis
1502 2335 1593 2429 spem
1610 2338 1737 2412 adven.

466 2448 524 2503 tus
546 2427 596 2501 tui
620 2422 719 2498 nobis
748 2420 869 2495 facias:
897 2425 934 2496 ὃ(
953 2444 1027 2497 tum
1054 2424 1096 2496 de
1121 2424 1309 2519 stipendio,
1332 2423 1375 2496 de
1392 2423 1592 2520 laboribus,
1621 2431 1663 2504 de
1692 2458 1734 2508 ue

466 2521 662 2597 habitaculo
688 2515 862 2593 tradaturi
873 2521 1001 2589 lumus·
1029 2517 1088 2592 Sin
1104 2517 1218 2591 minus
1235 2516 1296 2590 ribi
1314 2517 1429 2591 animo
1444 2517 1555 2611 sedet,
1587 2521 1624 2598 ὅ(
1641 2457 1736 2601 aldi-

466 2617 547 2692 dlus
561 2641 596 2690 es
607 2616 693 2689 tuis:
716 2637 758 2687 ne
778 2612 817 2685 lit
828 2634 932 2711 grave
943 2611 1140 2687 humanitati
1157 2632 1243 2700 ruae,
1263 2609 1409 2686 etiamid
1422 2613 1534 2709 ipsum
1547 2616 1735 2714 fignificare

466 2712 582 2800 nobis,
604 2733 642 2785 ut
666 2709 708 2782 de
725 2709 792 2780 alio
804 2706 1004 2803 cogitemus.
1028 2731 1105 2781 narn
1123 2705 1378 2804 expectabimus
1398 2710 1483 2801 quid
1499 2728 1537 2784 tu
1561 2717 1736 2810 responsu·

466 2829 526 2881 rus
551 2805 602 2877 fis.
646 2802 755 2893 Qtod
770 2801 909 2875 obsecro
928 2826 1012 2875 mox
1024 2802 1140 2878 facias:
1165 2801 1290 2899 poteris
1304 2802 1378 2876 sane
1389 2826 1449 2897 per
1465 2806 1739 2904 Argentinenses,
1819 2841 1821 2846 ·

466 2901 567 2974 etiam
583 2895 682 2971 nullo
700 2895 854 2992 sumptu,
879 2897 1035 2968 certiores
1055 2921 1117 2969 nos
1134 2897 1281 2969 reddere.
1328 2896 1483 2992 ignosces
1503 2922 1615 2973 aurem
1633 2906 1736 2977 auda·

467 2994 531 3070 ciae
556 3014 663 3080 meae,
684 2991 780 3086 quod
799 2989 958 3062 hocmihi
976 2992 1159 3084 permitto,
1183 3010 1221 3062 ut
1242 3009 1330 3063 tanta
1340 2989 1399 3062 abs
1416 3011 1449 3063 te
1460 2996 1735 3089 petereaudearn.

468 3091 602 3167 Verum
619 3082 793 3159 excusabit
811 3107 871 3155 me
889 3078 985 3156 facile
1012 3084 1102 3180 apud
1130 3107 1222 3159 tuam
1242 3083 1487 3177 linoeritatem,
1511 3088 1611 3195 pietas
1632 3093 1736 3166 animi

466 3183 541 3268 tui,
567 3181 628 3280 qui
648 3199 687 3253 ut
711 3178 873 3252 candidus
888 3178 959 3268 est,
980 3202 1049 3250 non
1070 3179 1194 3274 poterit
1216 3187 1300 3250 non·
1316 3179 1521 3275 interpretari
1548 3181 1584 3255 in
1610 3182 1736 3260 bonam

512 3297 622 3365 rtem,
645 3274 739 3371 quod
768 3273 802 3345 in
828 3270 971 3370 gloriam
1005 3293 1125 3361 tuam,
1155 3272 1238 3346 citra
1264 3295 1401 3346 omnem
1428 3273 1581 3349 fraudem
1609 3280 1735 3377 agitur.

466 3302 558 3446 biens
571 3371 677 3457 Vale,
690 3367 736 3441 mi
752 3366 871 3441 Simon
884 3420 894 3456 ,
906 3367 1053 3535 venipue
1065 3366 1194 3440 statim:
1223 3367 1302 3455 vel,
1314 3367 1397 3464 quid
1412 3368 1661 3465 expedianduus
1673 3398 1736 3464 ηας

466 3464 542 3561 bis,
562 3488 623 3565 per
641 3463 750 3540 literas
762 3461 884 3537 indica.
927 3460 975 3535 Ba
1002 3459 1086 3555 leae,
1107 3461 1215 3560 pridie
1232 3461 1310 3539 Cal.
1324 3461 1435 3560 April.
1452 3467 1558 3541 Anno
1583 3486 1682 3554 1529.
