4442 5150
1036 533 1155 634 (84)

456 663 517 762 qui
534 663 713 739 nobiscum
728 661 807 753 sunt
822 662 999 755 mortales,
1020 662 1142 763 scripta
1159 683 1271 738 tamen
1283 661 1446 738 habentur
1457 662 1492 737 in
1506 660 1598 739 fastis
1611 663 1734 764 snper·
1762 704 1776 717 ·⁴

456 762 582 831 norum
597 762 739 832 civium.
789 759 836 830 Et
854 782 896 831 ne
909 759 1084 830 timidulos
1095 760 1429 853 redderettmmyt'ac
1450 761 1595 856 egestas,
1619 784 1660 833 ac
1673 761 1739 835 de·

456 851 622 1019 puerum,
644 854 740 949 quod
752 853 907 925 omnium
918 853 1022 924 ellent
1034 852 1220 959 inexperti:
1244 853 1377 924 stcuros
1390 852 1552 958 reddidit
1571 854 1737 948 spiritum

499 971 557 1018 utn
568 947 684 1019 adfore
694 947 896 1035 contestans,
917 970 1027 1043 quum
1072 971 1107 1017 m
1120 947 1213 1041 apud
1224 944 1389 1018 Praefides
1404 970 1615 1042 prooemtum
1635 948 1736 1019 ordi·

456 1042 486 1111 ri
498 1041 793 1114 meditaremurt&
805 1040 912 1112 salvos
925 1039 1010 1112 dixit
1038 1061 1173 1128 uturoe,
1193 1040 1257 1135 qui
1271 1038 1424 1132 usquein
1435 1039 1538 1112 finem
1554 1042 1733 1116 durarent:

456 1159 518 1206 nec
531 1137 638 1207 vereri
650 1133 771 1206 debere
790 1157 848 1206 eos
865 1135 927 1232 qui
943 1157 1070 1229 corpus
1084 1133 1253 1208 trucidare
1272 1131 1416 1228 polfint,
1435 1157 1517 1208 cum
1527 1134 1676 1207 animam
1687 1157 1736 1210 ne

456 1229 577 1302 laedere
588 1229 725 1324 quidem
738 1246 873 1323 queant.
1733 1282 1736 1290 .

505 1325 597 1395 Haec
615 1324 772 1417 inquam,
792 1322 924 1418 aliaque
946 1322 981 1393 in
1002 1319 1212 1393 conlimilem
1233 1323 1334 1396 usum
1356 1321 1412 1396 vel
1435 1320 1545 1409 dieta,
1565 1322 1622 1395 vel
1641 1319 1733 1399 laste

456 1439 593 1490 mecum
620 1437 797 1512 reputans,
819 1417 889 1490 huc
912 1416 1095 1509 aliquando
1114 1417 1239 1505 venio,
1261 1440 1300 1489 ut
1317 1419 1403 1487 mori
1417 1441 1481 1512 pro
1499 1417 1644 1488 Christo
1658 1441 1734 1490 non

455 1512 564 1604 usque
586 1510 669 1582 adeo
691 1509 874 1582 detredlem
892 1511 983 1607 apud
1005 1534 1070 1582 me.
1092 1510 1276 1605 aliquando
1299 1533 1382 1580 vero
1403 1511 1516 1583 nostra
1542 1510 1618 1582 haec
1643 1511 1732 1584 infe·

456 1603 532 1675 licia
546 1624 697 1700 tempora
709 1604 862 1694 intuens,
882 1603 1009 1699 quibus
1021 1605 1187 1686 temeritas
1196 1624 1230 1675 et
1242 1603 1464 1700 ingratitudo,
1489 1627 1532 1674 ne
1546 1603 1658 1676 dicam
1681 1604 1736 1676 in·

451 1697 607 1792 Justicia,
630 1699 745 1772 onmia
770 1719 899 1788 tenent,
923 1698 1036 1768 omnia
1062 1699 1274 1794 pervadunt,
1300 1698 1413 1769 omnia
1431 1698 1577 1770 vastantz
1601 1698 1636 1768 in
1658 1718 1731 1772 tam

373 1833 380 1841 ·
456 1792 622 1866 diversam
653 1792 767 1866 trahor
790 1791 1005 1877 sententiam,
1032 1811 1072 1863 ut
1093 1815 1136 1864 nc
1168 1791 1253 1863 mihi
1280 1791 1418 1886 quidem
1447 1793 1546 1886 plane
1572 1794 1730 1866 eonstem

455 1888 541 1982 quid
568 1887 720 1961 sentiam:
748 1885 807 1957 nifi
828 1885 946 1983 quod,
978 1884 1063 1956 dum
1081 1884 1124 1955 ad
1148 1909 1203 1957 me
1225 1887 1341 1971 redeo,
1364 1885 1482 1957 divino
1503 1908 1592 1959 nutu
1613 1886 1734 1960 omnia

454 1980 529 2055 haec
547 1980 621 2056 fieri
638 1980 830 2076 cognosco,
854 1999 892 2050 ut
911 1979 978 2048 hoc
1004 1975 1104 2070 pauo
1123 1980 1185 2072 qui
1206 1981 1247 2051 ad
1269 1979 1388 2052 Deum
1400 1981 1556 2052 accedere
1578 1978 1650 2052 fide
1668 2005 1734 2052 no-

456 2073 590 2162 lebant,
612 2076 791 2169 deploratis
815 2072 912 2144 rebus
935 2070 1114 2159 omnibus,
1133 2071 1181 2143 ad
1199 2072 1293 2144 hunc
1321 2097 1429 2145 unum
1457 2074 1561 2145 consu
1588 2099 1645 2147 ere
1668 2098 1732 2146 co·

456 2189 595 2265 gantur:
620 2169 702 2238 dum
722 2167 843 2238 scilicet
860 2166 954 2236 omni
966 2165 1111 2236 humana
1122 2189 1188 2261 ope
1200 2163 1367 2240 fuerimus
1377 2096 1731 2258 destituti,l1uctan·

455 2283 557 2356 quam
580 2263 621 2333 ad
645 2261 730 2333 lovis
752 2268 940 2356 aquapu‘yaro
970 2283 1226 2333 concurramus.

505 2355 629 2428 Fufius
640 2377 752 2427 tecum
765 2357 1031 2522 egimusquam
1049 2355 1304 2448 tempusculum
1317 2355 1402 2430 illud
1418 2375 1605 2453 pateretur:
1629 2379 1731 2432 utae.

454 2447 526 2525 stus
540 2449 601 2523 tibi
623 2451 758 2523 nostros
803 2474 860 2520 mn
878 2473 936 2521 ore
954 2473 1023 2522 non
1041 2447 1237 2544 poffumus,
1256 2451 1387 2523 calamo
1401 2473 1670 2546 exponeremus:
1691 2453 1732 2543 ὃς

454 2544 560 2641 fiqua
577 2566 669 2644 parte
682 2543 783 2618 essent
797 2542 871 2619 usui
890 2544 951 2618 tibi
963 2544 1095 2635 lutura,
1115 2568 1185 2617 non
1196 2545 1392 2619 deeffetnus.
1412 2545 1621 2642 Quanquam
1637 2548 1733 2623 haud

456 2639 577 2805 ipnoro
589 2660 621 2713 te
633 2641 820 2737 plurimum
834 2638 945 2735 polle,
966 2664 1034 2712 non
1048 2640 1154 2713 modo
1165 2639 1307 2806 teipsum
1320 2640 1541 2731 consolando,
1556 2641 1611 2714 sed
1625 2643 1731 2726 etiam

455 2758 473 2805 a
489 2733 538 2805 ios
548 2736 773 2807 adhortando:
797 2735 907 2805 ansam
920 2753 1031 2806 tamen
1043 2734 1177 2830 praebui
1193 2759 1211 2804 a
1237 2736 1436 2808 undantiora
1451 2734 1673 2830 parturiendi,
1687 2739 1730 2813 &

456 2828 602 2901 vicissim
619 2828 715 2901 nobis
731 2826 1021 2901 communicandi:
1047 2848 1086 2900 ut
1104 2828 1188 2898 dum
1211 2828 1347 2926 indigne
1362 2827 1458 2901 audis
1470 2830 1561 2925 apud
1582 2849 1661 2904 tuos
1675 2830 1731 2903 di·

454 2922 499 2996 lei
525 2925 623 2996 ulutn
641 2923 794 2995 nostrum
810 2922 875 2994 ess'e
887 2919 1036 3013 fadum,
1057 2920 1219 2997 omnibus
1245 2948 1316 2995 non
1331 2922 1536 3020 discipulum
1552 2922 1732 3020 nostrum,

456 2946 524 3092 sed
533 3038 773 3112 praeceptorem
798 3016 862 3088 elle
884 3014 1017 3111 probes.

506 3112 658 3185 Petivisti
683 3112 751 3209 jam
783 3110 961 3204 aliquoties
984 3111 1026 3182 de
1050 3108 1145 3199 fide,
1177 3110 1282 3184 &de
1312 3111 1408 3187 cultu
1436 3110 1628 3186 sanderum
1660 3112 1728 3187 ser.

455 3229 573 3279 mones
593 3206 634 3279 ad
659 3226 691 3278 te
711 3205 899 3278 transmitti.
926 3204 1021 3299 quod
1044 3204 1120 3276 ideo
1146 3228 1216 3276 non
1245 3206 1465 3301 praestamus,
1490 3209 1571 3303 quia
1594 3208 1731 3281 calamo

455 3325 629 3398 nunquam
652 3299 870 3395 excepimus:
893 3301 989 3395 quod
1014 3295 1147 3371 fortalle
1169 3304 1391 3391 negociorum
1411 3301 1606 3374 nostrorum
1631 3303 1730 3375 rudit

453 3393 575 3491 aliquis
591 3396 788 3481 detestetur,
811 3414 849 3466 tu
873 3418 978 3483 vero,
1001 3393 1158 3491 quiea&
1179 3394 1317 3483 vidisti,
1336 3395 1523 3484 &audisti‚
1547 3394 1726 3469 bonicon·

454 3487 604 3564 sultutus
619 3514 675 3563 es:
700 3488 968 3585 quamprimum·
982 3490 1074 3579 enirn
1099 3509 1232 3560 tantum
1250 3491 1316 3562 ocii
1326 3489 1532 3579 nadusero,
1556 3488 1644 3563 votis
1657 3493 1729 3567 tuis

450 3584 508 3659 etsi
534 3584 718 3672 nonsatis,
742 3582 870 3679 aliquid
892 3604 1003 3655 tamen
1021 3581 1128 3655 facere
1161 3583 1317 3656 studebo.

502 3675 1119 3775 Tuintereaqoodamerequiris,ipse
1129 3676 1431 3772 strenueexequere
1441 3702 1448 3743 τ
1459 3685 1571 3772 uturfi
1581 3684 1725 3775 misero·

454 3768 1727 3874 ciuscultl‚auditaChtiliidodlrinanransuelcereincipiant.quodnegocium

454 3864 989 3967 suinmalenitateadgrediendum
999 3886 1095 3963 puto.
1108 3866 1189 3939 Nec
1198 3867 1288 3961 enim
1301 3868 1392 3963 apud
1406 3870 1727 3969 tuosficagcreoon-

455 3962 559 4049 venit,
571 3963 707 4060 utapud
720 3972 865 4034 nostros:
888 3981 1026 4033 tuorum
1041 3962 1131 4035 enirn
1143 3981 1241 4033 aures
1252 3961 1440 4035 etiamnum
1451 3966 1631 4038 teneriores
1642 3989 1725 4039 cunt

453 4055 538 4142 lint,
558 4080 627 4129 non
645 4057 721 4130 sunt
739 4057 892 4152 protinus
916 4076 981 4131 tant
1005 4055 1155 4157 mordaci
1169 4078 1250 4131 vero
1268 4058 1432 4132 tadeudae.
1455 4059 1604 4157 quod&
1617 4060 1723 4132 Chri·

1630 4154 1726 4230 stum

499 3095 502 3103 r
