4442 5150
516 657 584 748 33⁶
702 606 1824 746 ΗιετοιυΑιενΑΝῦιῑιῑῐΛΜ.Ι

514 782 611 870 rock,
646 776 798 875 quorum
817 777 876 847 hic
893 769 938 848 ei)
957 767 1157 868 progressus
1173 789 1247 842 erat
1265 774 1474 845 temeritatis
1492 792 1533 845 ut
1550 797 1674 850 omnes
1693 779 1820 874 paedo'·
1847 828 1853 861 .

515 874 682 970 baptistas
707 877 842 947 diceret
870 872 1020 941 latrones
1040 871 1089 956 (a)
1118 864 1185 939 else
1202 890 1308 963 atque
1325 867 1440 961 fures,
1466 871 1549 962 ille,
1575 874 1714 947 nullum
1735 878 1820 950 Ma-

515 971 702 1069 gistratum
728 967 797 1043 elle
825 965 920 1063 posse
948 963 1189 1037 Christianum
1217 965 1479 1057 inculcaverat,
1503 986 1612 1064 atque
1629 969 1736 1045 semel
1752 975 1823 1051 ite···

516 1093 666 1165 rumque
688 1067 845 1141 monitus
863 1064 907 1135 ab
926 1060 1184 1155 Anabaptismo
1202 1080 1243 1132 ut
1261 1061 1471 1154 abstineret,
1497 1065 1595 1160 quod
1611 1091 1653 1139 ea
1670 1092 1724 1142 res
1741 1071 1821 1146 aba·

516 1190 587 1261 que
612 1162 817 1263 graviffimis
844 1159 1057 1232 tumultibus
1084 1142 1309 1229 conficfnon
1328 1158 1462 1252 pollet,
1488 1159 1633 1236 obedire
1651 1165 1822 1262 nolebat,

516 1265 602 1357 quin
622 1265 741 1358 potius
759 1257 919 1331 adversus
937 1252 1105 1327 Edidlum
1124 1252 1367 1348 magistratus,
1392 1256 1455 1350 ipfi
1478 1255 1658 1352 sigillatim
1675 1262 1821 1362 injunc-

388 1382 394 1392 ·
517 1379 617 1450 tum,
636 1355 898 1456 rebaptizabat,
915 1352 1057 1446 suaeque
1075 1349 1350 1442 inobedientiae,
1369 1352 1431 1425 sub
1446 1352 1552 1424 finem
1567 1357 1820 1455 annisuperio-

515 1458 562 1526 ris
582 1477 728 1554 captus,
747 1455 919 1549 &quinta
933 1448 1090 1540 Januarii
1107 1447 1215 1544 hujus
1229 1451 1310 1518 anni
1326 1473 1427 1542 1527.
1454 1448 1647 1526 infeliciter
1665 1456 1719 1549 (b)
1730 1481 1820 1556 aqua

515 1549 707 1625 suffocatus
725 1575 850 1647 poenas
868 1549 958 1630 luit·,
985 1545 1070 1616 dum
1090 1545 1231 1640 collega
1246 1547 1322 1640 ejus
1341 1547 1616 1622 Blauwrockius
1625 1551 1737 1649 virgis
1746 1580 1821 1629 cae,

515 1650 666 1722 debatur
684 1647 853 1744 usquead
874 1662 1012 1740 portam
1034 1639 1151 1728 urbis,
1176 1663 1304 1737 atque,
1328 1666 1371 1714 ut
1390 1645 1661 1738 Tigurinorum
1674 1652 1819 1725 territo·

514 1748 606 1818 rium
635 1749 808 1842 ejuraret,
844 1739 984 1815 madius
1010 1738 1084 1830 eli,
1110 1739 1227 1833 qui&
1248 1741 1319 1834 ipl'e
1338 1739 1478 1812 taudem
1498 1743 1534 1812 in
1553 1743 1737 1821 Tiroleusr
1755 1772 1819 1823 co-

516 1846 645 1915 miratu
666 1841 789 1915 misere
808 1840 927 1935 periit.
1724 1932 1726 1934 v
1811 1907 1832 1918 ,,

563 1941 671 2034 Apud
696 1933 1053 2012 BASlLEENSES
1072 1956 1154 2004 cum
1174 1932 1242 2005 illis
1261 1932 1305 2006 de
1322 1932 1630 2031 paedobaptismo,
1645 1938 1820 2033 'deJura-

514 2056 639 2107 mento
669 2035 784 2108 etfim.
817 2030 1019 2126 disputabat
1047 2029 1382 2126 Oecolampadiua,
1424 2036 1528 2128 cujus
1555 2033 1820 2130 Disputatiouis

516 2129 607 2202 Aua
634 2154 777 2228 quoque
805 2126 953 2227 publice
978 2127 1058 2200 sunt
1083 2126 1189 2200 edita.
1231 2127 1281 2199 Et
1307 2128 1478 2201 dicuntur
1505 2151 1582 2204 tum
1608 2133 1645 2204 in
1668 2131 1820 2228 public'a'
1912 2144 1915 2149 ’

514 2221 753 2324 disputatione
779 2221 938 2300 convieti
956 2225 1008 2318 (c)
1036 2222 1144 2296 semet
1170 2221 1268 2295 ultrb
1295 2225 1339 2296 ad
1360 2229 1580 2304 revocandos
1596 2253 1731 2304 errores
1750 2233 1820 2305 ob·
1863 2246 1871 2258 ‘

515 2325 655 2413 tulille3
691 2325 833 2423 quando
859 2344 978 2396 tamen
1003 2317 1130 2393 dimillt
1156 2322 1324 2416 nullaque
1341 2320 1460 2396 affecli
1480 2348 1589 2422 poena
1606 2327 1656 2400 ita
1671 2349 1744 2401 nou
1761 2353 1820 2404 re·
1865 2373 1868 2377 >

513 2445 724 2516 cantarunt,
754 2443 793 2496 ut
813 2423 934 2518 potius
952 2420 1072 2490 omnia
1089 2419 1230 2514 egerint
1247 2421 1437 2494 contraria.
1812 2462 1816 2473 ·

563 2516 783 2612 Enimvero,
810 2521 900 2593 dum
922 2517 1001 2589 haec
1029 2513 1232 2606 referimus,
1267 2516 1414 2591 minime
1437 2542 1501 2594 nos
1519 2524 1718 2623 approbare
1735 2548 1820 2602 cen·

514 2615 579 2689 seri
607 2620 743 2709 debet,
777 2619 838 2691 illa
861 2614 1027 2712 supplicii
1056 2615 1099 2685 de
1125 2613 1277 2687 sellariis
1306 2616 1358 2687 his
1384 2616 1489 2691 sumti
1515 2624 1702 2720 exempla,
1736 2647 1821 2699 cum

513 2713 618 2788 satius
653 2716 799 2807 fuillet,
842 2711 990 2788 ecclelia
1027 2709 1054 2782 ti·
1085 2708 1105 2782 i
1131 2734 1258 2784 eruore
1285 2710 1466 2786 fundendo
1494 2719 1635 2811 penitus
1661 2719 1821 2795 abstinu-

514 2810 618 2899 iffet;
663 2817 798 2911 quippe
823 2837 906 2884 cum
933 2806 1109 2906 exquisita
1134 2809 1307 2907 supplicia
1334 2812 1384 2883 ita
1409 2834 1533 2906 parum
1559 2816 1752 2911 proficiant
1777 2816 1822 2895 ad

513 2914 777 3007 extinguendos
810 2930 975 2998 errores,
1017 2925 1059 2978 ut
1093 2930 1137 2978 eo
1164 2930 1307 3001 quoque
1334 2908 1522 3002 remedio,
1545 2916 1663 3008 .quod
1689 2917 1823 2988 intem·

514 3005 650 3099 pestlve
677 3009 814 3103 semper
838 3004 1052 3094 adhibetur,
1095 3003 1229 3074 malum
1256 3004 1368 3076 indies
1393 3005 1651 3100 exacerbetur,
1693 3032 1819 3082 nume·

513 3126 642 3199 rusque
678 3104 905 3177 sedlariotum
935 3101 1047 3173 indies
1071 3098 1231 3185 crescat;
1276 3100 1340 3171 Est
1364 3102 1459 3173 enim
1487 3102 1576 3175 illud
1602 3103 1819 3182 verissimum

514 3200 617 3295 plane?
653 3226 719 3273 nec
754 3223 909 3295 unquam
945 3198 1023 3271 saris
1050 3196 1365 3294 depraedicandum
1401 3198 1819 3281 MAXIMIL'IANI

514 3299 746 3394 Imperatoris
773 3296 942 3371 effatum:
993 3295 1185 3388 „Caetera
1211 3296 1332 3366 omnia
1358 3294 1497 3391 legibus
1524 3296 1684 3370 humanis
1708 3298 1820 3396 subji-

511 3448 538 3490 „
558 3401 613 3487 ci,
651 3398 860 3494 religionem
887 3393 994 3465 solam
1023 3416 1089 3463 nec
1117 3392 1202 3488 cogi
1220 3416 1287 3463 nec
1306 3393 1470 3487 imperari
1489 3391 1597 3489 polle.
1616 3448 1643 3487 „
1679 3397 1823 3472 Interei

512 3517 658 3588 tamen,
700 3498 761 3594 qui
798 3494 839 3565 ad
868 3492 1010 3564 illorum
1040 3491 1227 3561 hominum
1256 3490 1461 3586 principia,
1504 3515 1586 3587 quae
1613 3517 1686 3565 non
1713 3517 1819 3591 pote·

510 3614 588 3663 rant
616 3619 686 3664 non
712 3596 753 3666 ad
780 3593 987 3665 seditionem
1008 3609 1178 3681 vergere,
1203 3610 1356 3681 quaeque
1373 3586 1522 3683 expulso
1540 3589 1747 3757 magistratu
1765 3616 1818 3665 at-

510 3712 580 3782 que
604 3689 751 3785 dejeelis
777 3688 938 3763 eccleliae
965 3685 1163 3774 ministris,
1206 3707 1360 3780 quotum
1388 3685 1532 3756 vocatio
1560 3689 1597 3782 ip
1613 3715 1642 3761 rs
1666 3689 1819 3762 minime

511 3784 700 3859 videbatur
726 3789 909 3885 legitima,
938 3807 1067 3857 novam
1093 3805 1135 3852 ac
1162 3778 1405 3878 prodigiosam
1432 3806 1505 3854 non
1531 3782 1646 3858 solum
1674 3789 1711 3858 in
1737 3787 1818 3859 reli·

508 3882 618 3981 gione
650 3880 706 3953 sed
742 3886 779 3957 bt
809 3888 846 3957 in
872 3883 973 3958 civili
998 3875 1304 3971 administratione
1330 3882 1533 3976 rationem,
1575 3883 1799 4052 invehebanp1
1803 3936 1816 3975 ,

1756 4004 1775 4052 2
1803 4018 1817 4036 ι

549 4121 599 4196 (a)
624 4076 887 4181 (lTT.Anna1.
913 4118 1017 4183 Anab.
1040 4134 1109 4202 pag.
1130 4112 1179 4198 38.

548 4204 601 4278 (b)
626 4199 745 4264 OTT.
771 4202 791 4261 1.
810 4220 838 4262 c.
864 4219 931 4285 pag.
949 4219 1001 4279 4¹·

549 4287 599 4368 (c)
622 4283 711 4352 couf-
729 4281 871 4354 GAST.
895 4285 927 4350 in
944 4283 1024 4349 Hist.
1050 4282 1204 4369 Anabapt.
1224 4300 1292 4369 pag.
1311 4300 1386 4372 39„
