4442 5150
686 519 1530 703 PRAEFArto

452 779 528 880 bis
566 774 826 878 admodum
862 769 1106 872 benevolis
1146 802 1285 910 atque
1308 809 1492 874 merum
1517 811 1628 875 cum
1653 813 1765 916 erga

451 953 536 1018 me
571 947 676 1015 turn
716 947 827 1050 erga
860 916 1106 1010 veritatem
1131 904 1406 1010 historicam
1432 930 1646 1014 amorem
1669 911 1764 1052 spi-

452 1052 693 1174 rantibus,
722 1052 781 1149 de
800 1086 858 1149 eo
875 1050 1003 1188 quod
1017 1043 1295 1171 statueram,
1320 1045 1536 1149 Huldrico
1550 1058 1764 1156 ZWlN-

454 1199 619 1292 GLIO
643 1194 820 1328 primas
843 1194 896 1285 in
920 1182 1286 1285 Reformatione
1310 1218 1403 1322 prae
1418 1185 1622 1287 Murrina
1638 1193 1763 1292 LU-

368 1326 372 1331 ’
452 1334 692 1430 THERO
719 1355 990 1462 competere
1014 1352 1194 1460 partes,
1220 1321 1424 1461 equue
1440 1326 1559 1423 adeo
1575 1354 1765 1462 tempore

453 1463 671 1569 Luthero
711 1459 841 1562 fuiffe
866 1462 1094 1602 priorem,
1144 1469 1196 1558 in
1238 1459 1565 1585 restauranda,
1618 1499 1763 1601 quarn

454 1601 698 1705 Pontificii
725 1598 1086 1701 obscuraverant
1108 1607 1304 1698 veritate
1326 1601 1611 1737 Evangelica
1638 1615 1684 1699 δι
1710 1608 1763 1701 in

454 1741 765 1881 repurgandis
783 1738 1114 1838 Helvetiorum
1138 1734 1321 1834 suorum
1350 1745 1562 1838 animis'd
1578 1739 1763 1876 Papaiis

453 1881 678 2001 dostrinae
695 1875 931 1976 sordibus:
971 1884 1026 1972 Et
1051 1879 1222 2010 partim
1246 1871 1354 1974 sane*
1376 1872 1614 1998 abfuiffet,
1642 1886 1761 2017 quin

454 2053 552 2156 ego
575 2048 728 2117 totam
750 2012 880 2114 hanc
906 2010 1089 2112 causam
1114 2009 1329 2135 lubenter
1353 2011 1765 2118 soliusHeumanni

447 2155 632 2294 judicio
670 2145 998 2290 permisissem,
1039 2178 1177 2288 atque
1204 2149 1322 2250 aded
1352 2149 1410 2253 ab
1436 2159 1533 2288 ejus
1557 2153 1764 2253 redinte-

453 2323 593 2433 grata
631 2288 899 2391 defenfione
936 2325 1013 2386 me
1044 2286 1384 2412 abstinuissem,
1425 2287 1508 2388 nisi
1534 2299 1624 2390 tria
1647 2327 1764 2431 qua·

456 2461 621 2530 tuorve
658 2429 803 2555 uerba
844 2464 944 2527 non
984 2458 1085 2526 tam
1123 2426 1182 2525 ad
1211 2426 1468 2528 fovendam
1497 2462 1574 2528 aut
1601 2462 1764 2567 prote·

452 2567 651 2670 landam
701 2605 846 2711 quam
896 2572 1052 2704 potius
1107 2565 1167 2666 ad
1208 2566 1598 2706 componendam
1635 2565 1765 2670 hanc

455 2712 824 2806 contentionem
846 2706 1100 2805 literariam
1114 2780 1129 2826 ,
1160 2704 1280 2802 mihi
1306 2702 1451 2804 effent
1475 2702 1728 2825 facienda3

526 2847 676 2944 Certe
700 2877 799 2939 non
826 2845 1032 2982 unquam
1054 2848 1254 2978 negavi,
1284 2875 1372 2938 nec
1387 2867 1618 2979 quantum
1634 2836 1762 2962 sci0‚

456 2979 667 3080 nostrum
738 2987 952 3120 uisquam
992 2987 1187 3116 negavit
1217 3015 1456 3119 unquam,
1500 2980 1765 3081 LUTHE-

454 3126 618 3222 RUM
641 3017 935 3253 Indulgentias
959 3117 1153 3257 Papales
1169 3117 1299 3259 prius
1315 3113 1605 3258 oppugnasse
1620 3155 1765 3258 quam

457 3263 903 3381 ZWINGLIUM,
956 3292 1038 3393 per
1074 3291 1217 3395 quam
1242 3258 1650 3397 Indulgentiarum
1676 3284 1766 3393 op-

456 3402 799 3532 pugnationem
814 3392 1240 3537 tanquamxausam
1255 3404 1544 3535 proximam,
1561 3396 1764 3529 provido

454 3540 547 3631 Dei
572 3539 786 3634 Numine
812 3533 990 3633 facium
1018 3529 1110 3653 est,
1148 3564 1200 3634 ut
1227 3537 1449 3670 deinceps
1474 3531 1766 3668 reliquorum

454 3674 683 3772 Virorum
712 3679 977 3773 Doctorum
1039 3709 1093 3771 ro
1119 3670 1483 3774 Reformatione
1509 3677 1767 3771 conamina
1806 3747 1809 3753 ι

455 3836 592 3907 tanto
630 3805 811 3910 felicius
849 3706 1179 3932 succetiirent,
1230 3846 1329 3949 quae
1364 3807 1488 3909 forto
1522 3805 1605 3908 nisr
1632 3817 1765 3910 Beati

454 3943 644 4046 Lutheri
674 3962 719 4046 δι
750 3946 908 4049 fervor
945 3942 1188 4048 acceffiffet
1213 3962 1258 4047 δι
1287 3985 1365 4049 ma
1403 3955 1654 4050 nanimiras
1680 3946 1768 4047 hess

454 4089 614 4212 roica,
665 4092 717 4186 in
754 4085 1143 4286 ipsomoiirppnp
1177 3984 1408 4231 suppreiiit
1442 4084 1656 4209 fuiffent,
1697 4092 1767 4184 uti

1171 4260 1196 4325 2
1642 4231 1771 4324 eertd
