4442 5150
504 679 576 757 170
696 647 1082 734 HISTORIA
1126 647 1574 726 EVANGELII
1647 647 1816 752 A.1526.

502 791 587 866 lium
612 793 648 862 in
673 792 764 861 crenis
781 783 967 881 sreffoeaei,
999 807 1099 881 quam
1124 809 1197 858 eum
1217 784 1459 882 presentifflreo
1485 788 1607 857 anime
1619 790 1765 880 periculo
1780 793 1820 861 in

502 889 649 961 ordinem
674 889 809 980 afferenti
825 884 980 977 [niffen.
1031 881 1244 978 Exponitur
1268 883 1469 979 deinceps,
1510 882 1697 979 quomodo
1723 885 1820 959 inter

504 985 566 1058 Re
593 1007 629 1056 es
655 983 819 1057 Poloniae
846 980 884 1052 δι
911 976 1110 1077 Magistros
1136 1003 1178 1053 ac
1205 980 1356 1075 Equites
1373 981 1524 1053 Ordinis
1542 978 1636 1054 bella
1651 1001 1754 1072 orta,
1779 984 1820 1058 dt

532 1006 637 1155 uigus
664 1078 775 1177 panis
802 1075 1026 1173 composita,
1052 1097 1160 1172 atque
1186 1075 1207 1149 ἰ
1233 1079 1393 1176 quinque
1418 1075 1606 1176 Magistris
1632 1076 1823 1154 observata

504 1105 654 1253 inerint.
696 1177 818 1267 Dein,
851 1195 893 1248 ut
919 1173 965 1247 ab
989 1175 1032 1247 iis
1055 1176 1247 1248 Feidere'eus
1264 1175 1432 1247 Saxoniae
1452 1176 1565 1267 Dux,
1589 1174 1633 1247 ad
1651 1174 1820 1272 magiste-

503 1274 598 1350 rium
616 1272 759 1348 evedius
778 1270 976 1362 recefferit,
1003 1269 1075 1366 ipse
1090 1274 1197 1344 etiam
1212 1276 1372 1346 Albertns
1391 1273 1444 1344 illi
1460 1271 1671 1364 succedens,
1685 1276 1820 1371 jugum

504 1391 676 1446 excutere
694 1371 909 1463 tentaverit,
933 1368 992 1442 sed
1008 1391 1091 1442 cum
1107 1368 1248 1466 jadiura
1262 1393 1405 1467 magnae
1425 1371 1536 1467 partis
1553 1373 1776 1466 provinciae,
1798 1371 1821 1444 i

444 1537 450 1547 .
503 1470 654 1545 Polonis
671 1488 883 1565 occupatae:
905 1468 951 1540 Se
969 1487 1089 1539 tamen
1106 1491 1181 1539 non
1200 1465 1272 1540 stne
1289 1469 1504 1564 indignitate
1521 1470 1767 1542 tototriennio
1779 1471 1820 1542 in

506 1568 704 1644 Germania
727 1562 969 1656 circumiiffe,
1003 1564 1041 1639 dt
1068 1562 1091 1635 ὲ
1116 1563 1258 1638 Cael'are
1283 1566 1322 1640 ἃ
1349 1567 1510 1661 Imperio
1535 1567 1670 1640 auxilia
1690 1565 1823 1639 frustri

503 1665 667 1764 petiiiIe,
700 1662 877 1739 desertum
894 1663 1037 1773 itaque,
1061 1661 1105 1734 ad
1121 1685 1252 1735 novam
1271 1687 1355 1736 cum
1374 1664 1540 1737 Poloniae
1557 1665 1666 1762 Rege
1684 1665 1821 1737 Trans·

504 1762 685 1838 adiionem
711 1759 873 1834 adadium
891 1759 981 1852 effe,
1005 1784 1048 1832 ac
1064 1783 1103 1831 re
1131 1761 1214 1833 ione
1229 1761 1416 1835 excedere.
1457 1761 1544 1835 Reli
1575 1763 1666 1835 ionis
1682 1760 1821 1836 Refor-

504 1863 701 1937 mationem
727 1857 762 1932 se
778 1861 816 1931 in
833 1855 1028 1929 Germania
1043 1855 1087 1929 ab
1102 1878 1185 1931 ente
1202 1858 1347 1932 initium
1365 1857 1525 1931 habniffe
1541 1783 1573 1930 ἕ
1581 1858 1822 1933 concionibus

506 1958 780 2058 peregrinorum
809 1951 1040 2040 Doctorume
1075 1955 1167 2028 inde·
1183 1953 1378 2053 perspestae
1391 1957 1469 2051 jam
1485 1954 1707 2051 aliquatenus
1724 1958 1821 2029 veri·

505 2056 590 2130 tatis
614 2072 717 2129 tanto
743 2050 916 2126 desiderio
944 2050 1106 2150 flagraffe
1132 2053 1312 2146 Ordines,
1346 2053 1385 2126 δε
1403 2052 1673 2149 populumne
1690 2070 1819 2125 eorum

505 2153 696 2251 postulatis
713 2147 919 2225 eonsensum
937 2148 1037 2222 sunm
1055 2149 1147 2224 dene
1247 2174 1321 2224 non
1338 2150 1513 2249 potuerit.
1538 2148 1640 2222 Idem
1657 2151 1824 2224 Albertus

503 2251 616 2349 paulo
641 2269 746 2343 ante,
779 2271 863 2322 enm
889 2247 1053 2341 Johanne
1078 2248 1126 2321 EI
1184 2271 1248 2322 ore
1273 2248 1442 2324 Saxoniae
1462 2248 1514 2344 (a)
1539 2266 1678 2322 mutuae
1695 2244 1822 2321 defen·

504 2347 615 2423 tionis
638 2345 840 2445 padionem
865 2345 967 2437 iniit,
991 2364 1035 2419 nt
1050 2369 1098 2427 ex
1115 2349 1192 2444 ejus
1209 2345 1424 2445 Diplomate
1440 2345 1478 2421 d.
1497 2369 1558 2432 29·
1573 2344 1821 2444 Septembris,

502 2445 757 2545 Regiomonte
774 2445 811 2518 in
828 2440 988 2517 Borussia
1004 2443 1112 2536 dato,
1138 2441 1292 2519 constat.
1746 2502 1752 2515 .

554 2555 587 2633 ς.
607 2542 779 2619 LXXII.
804 2543 849 2616 In
874 2542 1052 2619 FRISIA
1078 2541 1401 2619 ORIENTALI
1427 2539 1492 2618 sub
1508 2541 1648 2619 ditione
1663 2540 1824 2617 Edzardi

503 2665 621 2743 pauca
636 2644 717 2737 illa,
742 2665 824 2742 quae
842 2642 880 2715 in
896 2640 1138 2741 superioribus
1158 2642 1214 2738 (b)
1233 2644 1621 2737 commemoravimus,
1645 2643 1823 2736 veritatis,

504 2740 753 2915 doetrinaeaffue
778 2742 932 2839 purioris
945 2738 1043 2838 jadia
1059 2739 1214 2837 semina,
1239 2743 1390 2819 ulterius
1406 2743 1678 2843 progerminari:
1694 2764 1822 2839 coepe·

503 2862 613 2935 runt,
646 2843 720 2938 ipa
745 2862 791 2912 ue
817 2840 1406 2952 Veritaspercontradicentium
1429 2843 1617 2915 molimina
1637 2839 1682 2910 ad
1704 2840 1827 2934 plures

503 2962 624 3107 ¹5:51¹?
624 2959 690 3104 *n
703 2955 794 3102 ισοξ,
809 2933 894 3125 23¹5?
896 2936 1341 3125 ‘wastinensi
1364 2940 1550 3103 3532ss
1571 2938 1823 3123 {iiiiii}

504 3128 717 3204 Richardum
735 3128 938 3217 Hickonem,
964 3125 1146 3198 Pastorem
1164 3127 1200 3199 in
1221 3127 1396 3220 Dunum,
1423 3128 1461 3201 ὃ(
1480 3131 1705 3202 Memnonem
1723 3129 1820 3200 Fele-

505 3226 671 3315 kardum,
706 3219 887 3295 Pastorem
915 3226 952 3294 in
978 3221 1148 3321 Ardorp,
1182 3245 1362 3298 annuente
1385 3227 1522 3298 Ennone
1541 3224 1712 3315 comite,
1739 3249 1821 3320 per-

505 3319 600 3398 foeta
611 3322 688 3419 jam
706 3340 782 3394 erat
799 3318 921 3420 aliquo
938 3318 1049 3394 modo
1067 3320 1312 3397 Reformatio.
1348 3322 1490 3398 Interea
1505 3317 1595 3395 veria
1615 3324 1823 3396 Laurentius

505 3418 654 3526 quidam
680 3420 733 3514 (c)
762 3419 968 3496 Monachus
994 3420 1280 3515 Dominicanus,
1307 3420 1511 3520 Groningae
1530 3424 1567 3493 in
1585 3418 1745 3493 claustris
1759 3422 1823 3515 Ja-

503 3519 718 3596 cobteorum
746 3520 808 3618 qui
823 3520 985 3594 Priorem
1003 3518 1155 3617 agebat,
1181 3520 1293 3594 homo
1310 3521 1478 3594 vanitatis
1494 3519 1627 3617 pariter
1644 3519 1682 3593 dt
1700 3518 1822 3615 impu·

507 3615 641 3696 dentiae
666 3642 777 3714 rarae,
804 3613 984 3695 continui>
1001 3617 1098 3743 apud
1115 3617 1194 3694 suos
1207 3616 1389 3718 jactabat,
1412 3616 1446 3693 se
1463 3619 1500 3692 in
1517 3619 1548 3692 F
1550 3615 1664 3693 rissam
1685 3615 1821 3786 Edzadr·

1798 3738 1827 3786 ο

548 3898 601 3978 (a)
624 3895 688 3961 vid.
712 3893 966 3965 HORTLED.
991 3897 1034 3964 L.
1045 3899 1145 3965 VIII.
1169 3917 1200 3964 c.
1216 3897 1270 3962 66.

549 3982 603 4062 (b)
628 3977 727 4043 Conf.
752 3980 782 4062 β.
800 3980 864 4048 XI.
888 4002 957 4068 pag.
976 4001 1069 4048 20··2
1095 4030 1102 4046 .

549 4066 603 4147 (c)
627 4062 837 4129 Laurentium
860 4067 954 4142 huna
967 4065 1050 4130 Ubbo
1070 4002 1277 4133 {MMIUS
1302 4064 1376 4132 Lib.
1394 4065 1489 4135 LIII.
1550 4061 1665 4152 g.826.
1688 4060 1825 4145 appellat

507 4149 732 4228 Jacobaeorum
755 4151 989 4217 monachorum
1013 4154 1044 4217 in
1070 4149 1164 4218 Urbe
1187 4149 1350 4233 Priorem,
1378 4172 1477 4238 nuper
1500 4087 1657 4217 &aare
1673 4142 1823 4242 Tneolo÷

507 4234 584 4317 gicae
602 4233 703 4300 Insula
718 4248 885 4316 ornatum,
907 4250 961 4300 aut
976 4250 1144 4301 oneratum
1160 4232 1297 4319 Pindis,
1321 4235 1474 4301 bonim
1489 4252 1627 4314 veum,
1645 4228 1828 4313 ameum,

507 4317 675 4407 audacem,
688 4316 751 4401 fibi
760 4318 982 4410 plaudentem,
1002 4320 1133 4410 denique
1150 4319 1272 4389 cuculla
1286 4320 1425 4408 dignene.
