4442 5150
462 644 629 742 amp
794 622 1434 722 renovari
1696 673 1763 750 zu

454 821 489 867 ,,
508 797 581 846 ram
611 769 832 865 Ordinibus,
866 771 929 845 suo
958 776 994 848 &
1021 774 1252 872 quadraginta
1285 775 1432 849 fratrum
1452 780 1619 872 nomine,
1646 779 1683 854 ὅτ
1701 804 1764 874 per

458 921 487 963 ‚‚
506 870 654 962 Deum,
684 893 747 965 per
763 871 942 964 judicium
959 871 1183 964 supremum,
1209 897 1273 969 per
1289 897 1412 970 pacem
1431 877 1606 971 denique,
1632 879 1762 949 verita·

459 986 578 1062 „tem
608 968 901 1040 &concordiam
930 991 1077 1064 rogare,
1114 970 1268 1042 Ordines
1293 971 1506 1043 accusationi
1534 974 1639 1044 fidem
1660 993 1700 1046 ut
1719 997 1773 1046 no·

458 1115 487 1158 „
505 1065 679 1155 habeant,
714 1063 770 1136 sed
799 1063 1003 1136 Christiano
1031 1065 1229 1163 Colloquio
1255 1068 1349 1139 diem
1369 1067 1567 1160 destinent,
1595 1071 1631 1142 bc
1649 1071 1692 1143 de
1712 1074 1761 1143 rei

457 1160 669 1255 „sumnrd„
705 1180 805 1257 parte
831 1182 979 1259 utraque
1005 1163 1150 1253 audita,
1184 1165 1435 1259 pronuncient.
1454 1217 1481 1254 „
1524 1167 1663 1239 Placuit
1690 1169 1761 1239 hnc

459 1258 660 1331 Ordinibus
679 1257 944 1331 confoederatis.
988 1259 1123 1356 Estque
1141 1258 1230 1332 adei)
1249 1283 1325 1331 tum
1345 1259 1417 1332 dies
1436 1262 1652 1355 Dominica‚
1679 1287 1762 1360 quae

458 1355 662 1452 Epiphania
687 1352 853 1450 proxime
880 1354 1062 1454 sequitur,
1095 1356 1327 1454 disputationi
1343 1356 1472 1451 dida,
1506 1360 1550 1432 de
1574 1383 1643 1456 qua
1668 1384 1761 1433 anno

457 1449 624 1550 sequente
649 1473 806 1546 agemus.
1541 1471 1544 1474 ’

503 1561 535 1636 ς.
547 1550 633 1623 CV.
651 1549 914 1641 BASILEAE,
934 1573 1016 1623 cum
1034 1549 1154 1623 eadem
1170 1549 1369 1648 fermequae
1379 1554 1484 1625 etiam
1496 1552 1590 1649 apud
1601 1554 1760 1627 Bernen·

455 1643 505 1720 ses
530 1647 622 1719 inter
641 1646 879 1744 Evangelicos
899 1649 934 1719 ὅ(
954 1645 1166 1720 Pontificios
1185 1647 1403 1721 simultatum
1423 1651 1602 1734 luderetur
1619 1649 1759 1744 fabula,

456 1741 666 1815 audiorirate
685 1763 801 1816 tamen
822 1745 969 1815 Senatus
987 1740 1155 1815 effectum
1174 1745 1246 1836 est,
1273 1764 1312 1817 ut
1331 1748 1480 1842 publico
1497 1745 1616 1820 edisto
1634 1747 1758 1840 Unio,

457 1839 732 1934 parntch'aritas
751 1840 962 1914 sanciretur:
991 1839 1060 1912 Sed
1080 1842 1138 1933 ὅτ,
1163 1840 1224 1913 sub
1244 1842 1335 1914 idem
1356 1847 1426 1915 hoc
1443 1864 1757 1938 tempus-conven-

457 1955 515 2010 tus
542 1936 788 2036 religiosorum
809 1937 1079 2032 aperiebantur,
1105 1957 1212 2034 atque
1231 1938 1381 2013 cuilibet
1399 1942 1550 2013 exeundi
1569 1939 1759 2036 secumque

455 2030 513 2107 sua
538 2034 620 2108 inde
642 2035 806 2131 portandi
825 2033 935 2106 libera
952 2032 1102 2106 dabatur
1118 2035 1270 2130 potestas
1290 2037 1339 2130 (a)
1351 2069 1363 2123 3
1392 2038 1485 2110 unde
1505 2038 1758 2112 ERASMUS

451 2131 624 2227 jamtum
643 2133 794 2206 scribere
812 2150 952 2228 poterat
967 2130 1021 2224 (b)
1049 2183 1076 2222 „
1095 2132 1281 2231 Evangelii
1301 2137 1409 2207 mirus
1428 2137 1487 2206 hic
1505 2133 1556 2206 est
1574 2132 1758 2207 successus.

455 2228 646 2320 „Missam
673 2229 924 2302 abominantur
948 2229 1114 2322 plurimi:
1144 2283 1299 2303 .....
1326 2230 1460 2302 Velum
1479 2233 1517 2305 ὃ(
1537 2231 1678 2303 cuculla
1696 2233 1758 2303 de·

455 2327 651 2422 „ponitur
676 2326 809 2423 passim,
853 2324 1013 2397 Nubunt
1037 2326 1074 2398 δι
1094 2324 1232 2397 ducunt
1250 2350 1379 2399 uxores
1398 2328 1592 2402 Monachae
1612 2329 1648 2401 &
1669 2329 1758 2399 Mo·

454 2471 482 2516 „
499 2425 627 2515 nachi,
652 2441 723 2494 tam
743 2425 829 2495 mihi
850 2444 969 2494 tutum
989 2421 1130 2492 nonest
1150 2422 1209 2494 hic
1227 2424 1359 2495 diutius
1373 2425 1505 2496 vivere.
1530 2424 1656 2496 Mores
1674 2424 1760 2496 isto·

436 2547 483 2613 '„
501 2543 605 2612 tum,
639 2519 699 2615 qui
727 2519 786 2592 hic
811 2520 965 2610 docent,
1000 2518 1114 2614 magis
1141 2520 1227 2591 mihi
1246 2519 1435 2617 displicent
1452 2544 1556 2617 quam
1576 2519 1648 2618 ipsa
1665 2522 1759 2619 dog·

455 2665 483 2707 „
500 2634 605 2689 mata.
624 2667 652 2708 „
703 2615 835 2713 Neque
863 2637 981 2690 tamen
1008 2618 1057 2687 ita
1081 2615 1159 2688 satis
1186 2618 1279 2689 inter
1305 2618 1338 2689 se
1364 2618 1674 2712 componebantur
1701 2620 1760 2694 vel

455 2712 591 2784 civium
617 2712 724 2786 animi
751 2716 810 2788 vel
835 2713 900 2808 ipsi
931 2711 1184 2808 Magistratus,
1219 2735 1260 2787 ut
1277 2738 1351 2787 non
1369 2713 1522 2787 deessent
1539 2739 1584 2787 ex
1601 2714 1758 2788 Pastori·
1900 2759 1907 2770 ·

455 2806 522 2882 bus
539 2808 779 2903 Reformatis,
798 2814 858 2909 qui
876 2810 917 2882 ad
936 2810 1115 2882 evitandas
1134 2811 1209 2883 illas
1226 2814 1474 2884 contentiones
1490 2834 1681 2908 perennes,
1700 2812 1758 2884 vel

454 2905 543 2981 urbe
568 2907 602 2982 se
628 2912 849 3005 reciperent,
883 2909 940 2980 vel
967 2908 999 2981 sc
1025 2909 1136 3004 magis
1163 2909 1386 2981 involverent
1416 2907 1575 3000 filentio,
1601 2903 1689 2980 adeb
1715 2928 1758 2984 ut

453 3004 525 3099 ipse
551 3026 696 3104 quoquc
722 3005 1195 3080 OECOLAMPADIUS
1219 3005 1251 3079 se
1273 3004 1384 3079 ferme
1403 3006 1515 3079 solum
1534 3004 1758 3101 conspiceret
1839 3067 1846 3074 .

452 3118 559 3196 atque
583 3103 627 3176 ab
654 3105 820 3176 omnibus
848 3102 1033 3193 relietum,
1070 3101 1172 3175 limul
1198 3102 1410 3177 verbenam
1431 3103 1758 3200 odioPapistarurn

451 3199 676 3297 exposrtutn:
716 3202 848 3274 Fuerat
875 3202 902 3271 is
929 3202 1110 3296 hucusque
1134 3203 1171 3273 in
1198 3202 1336 3297 templo
1365 3202 1585 3274 Martiniano
1614 3194 1757 3271 sundlus

452 3292 603 3369 Victrio
622 3298 859 3371 concionandi
880 3319 1044 3388 munere,
1063 3316 1169 3393 atque
1188 3300 1338 3395 proinde
1354 3301 1521 3394 exiguam
1536 3296 1617 3367 inde
1629 3295 1759 3367 laboris
1856 3344 1858 3348 -

452 3395 651 3464 mercedem
671 3397 724 3487 (e)
744 3416 972 3491 perceperat,
999 3416 1080 3464 cum
1101 3391 1188 3464 verb
1206 3393 1275 3465 alib
1294 3394 1476 3466 oblatione
1494 3388 1684 3463 honorifici
1697 3388 1757 3459 sti·

454 3486 575 3581 pendii
604 3491 835 3582 invitaretur,
870 3510 1042 3586 rogarunt
1067 3488 1245 3563 auditores
1264 3489 1393 3586 ipsius,
1420 3510 1459 3559 ut
1478 3511 1522 3558 ne
1540 3485 1758 3575 discederet,

452 3580 511 3655 sed
522 3605 642 3653 curam
655 3586 723 3657 suae
736 3586 1130 3681 Eccleliaesusciperet,
1148 3584 1463 3675 rati,sacerdotum
1475 3581 1756 3655 &diaconorum

453 3678 642 3751 Decanum
663 3677 837 3756 futurum.
872 3682 1066 3757 Recusavir
1084 3682 1143 3775 id,
1168 3683 1352 3777 pollicitus
1369 3679 1403 3752 se
1419 3702 1563 3847 operam
1585 3677 1757 3753 Ecclesiae

450 3774 619 3849 docendo
646 3797 881 3874 novaturum,
916 3783 1000 3854 dum
1029 3776 1141 3852 mod'b
1166 3780 1211 3852 de
1235 3778 1411 3850 alimentis
1466 3776 1503 3848 bi
1527 3775 1758 3852 mediocriter

1046 3877 1116 3950 Oo
1147 3899 1163 3975 3
1670 3900 1755 3972 pro·

492 4025 543 4106 (a)
566 4023 631 4086 vid.
657 4021 840 4091 ERASMI
864 4024 922 4111 Ep.
947 4027 984 4089 ad
1002 4025 1062 4090 Bil.
1087 4026 1286 4106 Pirclrlrevm.
1310 4022 1369 4107 Ep.
1387 4039 1460 4105 757.
1484 4024 1544 4090 sol.
1561 4021 1635 4102 886,
1653 4022 1725 4102 887.
1804 4108 1808 4114 ᾗ

492 4111 556 4253 (b)⁸
570 4105 749 4173 ERASM.
772 4110 811 4173 ad
834 4109 906 4188 Joh.
930 4111 967 4172 de
990 4110 1104 4175 Hondt
1126 4109 1331 4227 Canonicum
1347 4109 1589 4177 Curtracensern
1605 4105 1665 4193 Ep.
1683 4122 1761 4193 731„

451 4206 545 4354 p²ie)
561 4210 610 4341 5v1
620 4272 787 4343 ADAMl
806 4274 873 4343 Vir.
892 4270 1062 4361 Theolog.
1078 4275 1140 4343 fol.
1157 4293 1208 4360 24·
1232 4277 1268 4346 b,
