<?xml version="1.0" encoding="UTF-8"?>
<!DOCTYPE html PUBLIC "-//W3C//DTD XHTML 1.0 Transitional//EN"
    "http://www.w3.org/TR/xhtml1/DTD/xhtml1-transitional.dtd">
<html xmlns="http://www.w3.org/1999/xhtml" xml:lang="en" lang="en">
 <head>
  <title>
</title>
<meta http-equiv="Content-Type" content="text/html;charset=utf-8" />
  <meta name='ocr-system' content='tesseract 3.04.00' />
  <meta name='ocr-capabilities' content='ocr_page ocr_carea ocr_par ocr_line ocrx_word'/>
</head>
<body>
  <div class='ocr_page' id='page_1' title='image "./introductioinhi01gerdgoog_0100.png"; bbox 0 0 4442 5150; ppageno 0'>
   <div class='ocr_carea' id='block_1_1' title="bbox 1046 619 1168 716">
    <p class='ocr_par' dir='ltr' id='par_1_1' title="bbox 1046 619 1168 716">
     <span class='ocr_line' id='line_1_1' title="bbox 1046 619 1168 716; baseline -0.016 -1"><span class='ocrx_word' id='word_1_1' title='bbox 1046 619 1168 716; x_wconf 81' lang='lat'><em>(76)</em></span> 
     </span>
    </p>
   </div>
   <div class='ocr_carea' id='block_1_2' title="bbox 450 743 1739 949">
    <p class='ocr_par' dir='ltr' id='par_1_2' title="bbox 450 743 1739 949">
     <span class='ocr_line' id='line_1_2' title="bbox 460 743 1739 845; baseline 0 -23"><span class='ocrx_word' id='word_1_2' title='bbox 460 749 528 824; x_wconf 87' lang='lat' dir='ltr'>lem</span> <span class='ocrx_word' id='word_1_3' title='bbox 542 746 634 820; x_wconf 87' lang='lat' dir='ltr'>illam</span> <span class='ocrx_word' id='word_1_4' title='bbox 648 743 892 842; x_wconf 81' lang='lat' dir='ltr'>septimanam,</span> <span class='ocrx_word' id='word_1_5' title='bbox 910 743 944 818; x_wconf 93' lang='lat' dir='ltr'>in</span> <span class='ocrx_word' id='word_1_6' title='bbox 956 764 1061 841; x_wconf 86' lang='lat' dir='ltr'>quam</span> <span class='ocrx_word' id='word_1_7' title='bbox 1072 765 1163 819; x_wconf 88' lang='lat' dir='ltr'>tanta</span> <span class='ocrx_word' id='word_1_8' title='bbox 1174 745 1421 845; x_wconf 84' lang='lat' dir='ltr'>negotiafimul</span> <span class='ocrx_word' id='word_1_9' title='bbox 1432 744 1638 823; x_wconf 83' lang='lat' dir='ltr'>inciderunt.</span> <span class='ocrx_word' id='word_1_10' title='bbox 1661 747 1739 844; x_wconf 76' lang='lat' dir='ltr'>Jam</span> 
     </span>
     <span class='ocr_line' id='line_1_3' title="bbox 450 838 1736 949; baseline -0.002 -33"><span class='ocrx_word' id='word_1_11' title='bbox 450 841 680 949; x_wconf 63' lang='lat' dir='ltr'>&#39;cupediamus</span> <span class='ocrx_word' id='word_1_12' title='bbox 704 841 924 913; x_wconf 72' lang='lat' dir='ltr'>interdictum</span> <span class='ocrx_word' id='word_1_13' title='bbox 948 861 1081 914; x_wconf 86' lang='lat' dir='ltr'>novum</span> <span class='ocrx_word' id='word_1_14' title='bbox 1107 841 1272 935; x_wconf 83' lang='lat' dir='ltr'>imperii,</span> <span class='ocrx_word' id='word_1_15' title='bbox 1300 843 1497 922; x_wconf 79' lang='lat' dir='ltr'>vaticinium</span> <span class='ocrx_word' id='word_1_16' title='bbox 1520 838 1736 939; x_wconf 62' lang='lat' dir='ltr'>Caesareum,</span> 
     </span>
    </p>
   </div>
   <div class='ocr_carea' id='block_1_3' title="bbox 340 932 1737 1030">
    <p class='ocr_par' dir='ltr' id='par_1_3' title="bbox 340 932 1737 1030">
     <span class='ocr_line' id='line_1_4' title="bbox 340 932 1737 1030; baseline 0.011 -25"><span class='ocrx_word' id='word_1_17' title='bbox 340 951 349 961; x_wconf 88' lang='lat'><strong>·</strong></span> <span class='ocrx_word' id='word_1_18' title='bbox 460 960 531 1011; x_wconf 81' lang='lat' dir='ltr'>rtur</span> <span class='ocrx_word' id='word_1_19' title='bbox 553 933 814 1009; x_wconf 85' lang='lat' dir='ltr'>Cacodaemonis</span> <span class='ocrx_word' id='word_1_20' title='bbox 837 932 1047 1022; x_wconf 83' lang='lat' dir='ltr'>universam,</span> <span class='ocrx_word' id='word_1_21' title='bbox 1066 935 1188 1030; x_wconf 83' lang='lat' dir='ltr'>quaes</span> <span class='ocrx_word' id='word_1_22' title='bbox 1224 961 1264 1010; x_wconf 90' lang='lat' dir='ltr'>ro</span> <span class='ocrx_word' id='word_1_23' title='bbox 1285 935 1394 1010; x_wconf 86' lang='lat' dir='ltr'>inania</span> <span class='ocrx_word' id='word_1_24' title='bbox 1412 935 1614 1028; x_wconf 87' lang='lat' dir='ltr'>concident,</span> <span class='ocrx_word' id='word_1_25' title='bbox 1639 939 1677 1015; x_wconf 69' lang='grc' dir='ltr'><strong>ἃ</strong></span> <span class='ocrx_word' id='word_1_26' title='bbox 1700 940 1737 1020; x_wconf 76' lang='lat' dir='ltr'>in</span> 
     </span>
    </p>
   </div>
   <div class='ocr_carea' id='block_1_4' title="bbox 457 1029 1736 1506">
    <p class='ocr_par' dir='ltr' id='par_1_4' title="bbox 458 1029 1736 1293">
     <span class='ocr_line' id='line_1_5' title="bbox 459 1029 1735 1132; baseline -0.001 -27"><span class='ocrx_word' id='word_1_27' title='bbox 459 1053 607 1105; x_wconf 88' lang='lat' dir='ltr'>nervum</span> <span class='ocrx_word' id='word_1_28' title='bbox 623 1046 816 1124; x_wconf 82' lang='lat' dir='ltr'>erumpent.</span> <span class='ocrx_word' id='word_1_29' title='bbox 866 1029 960 1101; x_wconf 87' lang='lat' dir='ltr'>Nam</span> <span class='ocrx_word' id='word_1_30' title='bbox 981 1030 1145 1124; x_wconf 84' lang='lat' dir='ltr'>propius,</span> <span class='ocrx_word' id='word_1_31' title='bbox 1209 1053 1343 1129; x_wconf 82' lang='lat' dir='ltr'>perget,</span> <span class='ocrx_word' id='word_1_32' title='bbox 1364 1053 1446 1104; x_wconf 91' lang='lat' dir='ltr'>cum</span> <span class='ocrx_word' id='word_1_33' title='bbox 1466 1031 1640 1129; x_wconf 80' lang='lat' dir='ltr'>Episcopo</span> <span class='ocrx_word' id='word_1_34' title='bbox 1655 1057 1735 1132; x_wconf 85' lang='lat' dir='ltr'>ago·</span> 
     </span>
     <span class='ocr_line' id='line_1_6' title="bbox 458 1120 1736 1220; baseline 0.006 -22"><span class='ocrx_word' id='word_1_35' title='bbox 458 1149 546 1216; x_wconf 86' lang='lat' dir='ltr'>mus,</span> <span class='ocrx_word' id='word_1_36' title='bbox 573 1121 738 1220; x_wconf 85' lang='lat' dir='ltr'>fiquidem</span> <span class='ocrx_word' id='word_1_37' title='bbox 766 1120 891 1215; x_wconf 87' lang='lat' dir='ltr'>ultima</span> <span class='ocrx_word' id='word_1_38' title='bbox 903 1143 1106 1219; x_wconf 80' lang='lat' dir='ltr'>experturus</span> <span class='ocrx_word' id='word_1_39' title='bbox 1125 1122 1281 1217; x_wconf 83' lang='lat' dir='ltr'>ridetur,</span> <span class='ocrx_word' id='word_1_40' title='bbox 1301 1126 1338 1199; x_wconf 73' lang='grc' dir='ltr'>δι</span> <span class='ocrx_word' id='word_1_41' title='bbox 1356 1149 1418 1199; x_wconf 83' lang='lat' dir='ltr'>tros</span> <span class='ocrx_word' id='word_1_42' title='bbox 1433 1149 1500 1201; x_wconf 85' lang='lat' dir='ltr'>ceu</span> <span class='ocrx_word' id='word_1_43' title='bbox 1514 1127 1736 1207; x_wconf 76' lang='lat' dir='ltr'>cumdevote</span> 
     </span>
     <span class='ocr_line' id='line_1_7' title="bbox 458 1218 808 1293; baseline -0.014 0"><span class='ocrx_word' id='word_1_44' title='bbox 458 1219 554 1293; x_wconf 84' lang='lat' dir='ltr'>hoste</span> <span class='ocrx_word' id='word_1_45' title='bbox 577 1218 808 1291; x_wconf 86' lang='lat' dir='ltr'>decernemus.</span> 
     </span>
    </p>

    <p class='ocr_par' dir='ltr' id='par_1_5' title="bbox 457 1309 1731 1506">
     <span class='ocr_line' id='line_1_8' title="bbox 489 1309 1731 1410; baseline 0.004 -24"><span class='ocrx_word' id='word_1_46' title='bbox 489 1315 598 1386; x_wconf 64' lang='lat' dir='ltr'>iiaec</span> <span class='ocrx_word' id='word_1_47' title='bbox 621 1309 693 1384; x_wconf 85' lang='lat' dir='ltr'>satis</span> <span class='ocrx_word' id='word_1_48' title='bbox 721 1309 869 1406; x_wconf 73' lang='lat' dir='ltr'>prolixe.</span> <span class='ocrx_word' id='word_1_49' title='bbox 917 1310 1093 1407; x_wconf 87' lang='lat' dir='ltr'>Cuperem</span> <span class='ocrx_word' id='word_1_50' title='bbox 1117 1329 1229 1386; x_wconf 87' lang='lat' dir='ltr'>tamen</span> <span class='ocrx_word' id='word_1_51' title='bbox 1250 1334 1367 1386; x_wconf 91' lang='lat' dir='ltr'>coram</span> <span class='ocrx_word' id='word_1_52' title='bbox 1398 1311 1568 1410; x_wconf 77' lang='lat' dir='ltr'>prolixius</span> <span class='ocrx_word' id='word_1_53' title='bbox 1599 1314 1731 1392; x_wconf 84' lang='lat' dir='ltr'>omnia.</span> 
     </span>
     <span class='ocr_line' id='line_1_9' title="bbox 457 1403 1730 1506; baseline 0.004 -24"><span class='ocrx_word' id='word_1_54' title='bbox 457 1407 591 1483; x_wconf 82' lang='lat' dir='ltr'>Verum</span> <span class='ocrx_word' id='word_1_55' title='bbox 610 1428 665 1478; x_wconf 91' lang='lat' dir='ltr'>me</span> <span class='ocrx_word' id='word_1_56' title='bbox 682 1403 739 1477; x_wconf 92' lang='lat' dir='ltr'>hic</span> <span class='ocrx_word' id='word_1_57' title='bbox 762 1424 953 1478; x_wconf 82' lang='lat' dir='ltr'>remoratur</span> <span class='ocrx_word' id='word_1_58' title='bbox 972 1403 1165 1499; x_wconf 74' lang='lat' dir='ltr'>expectatio</span> <span class='ocrx_word' id='word_1_59' title='bbox 1187 1406 1385 1480; x_wconf 87' lang='lat' dir='ltr'>technarum</span> <span class='ocrx_word' id='word_1_60' title='bbox 1415 1407 1671 1506; x_wconf 81' lang='lat' dir='ltr'>Episcopaiium</span> <span class='ocrx_word' id='word_1_61' title='bbox 1693 1429 1730 1487; x_wconf 90' lang='lat' dir='ltr'>et</span> 
     </span>
    </p>
   </div>
   <div class='ocr_carea' id='block_1_5' title="bbox 455 1498 1846 1692">
    <p class='ocr_par' dir='ltr' id='par_1_6' title="bbox 455 1498 1846 1692">
     <span class='ocr_line' id='line_1_10' title="bbox 456 1498 1842 1598; baseline -0.006 -17"><span class='ocrx_word' id='word_1_62' title='bbox 456 1501 700 1597; x_wconf 75' lang='lat' dir='ltr'>Parpchiarum</span> <span class='ocrx_word' id='word_1_63' title='bbox 727 1498 947 1590; x_wconf 87' lang='lat' dir='ltr'>incertitudo,</span> <span class='ocrx_word' id='word_1_64' title='bbox 967 1498 1096 1595; x_wconf 82' lang='lat' dir='ltr'>quibua</span> <span class='ocrx_word' id='word_1_65' title='bbox 1112 1501 1197 1573; x_wconf 90' lang='lat' dir='ltr'>intra</span> <span class='ocrx_word' id='word_1_66' title='bbox 1216 1499 1376 1575; x_wconf 81' lang='lat' dir='ltr'>Natalem</span> <span class='ocrx_word' id='word_1_67' title='bbox 1393 1502 1552 1597; x_wconf 81' lang='lat' dir='ltr'>Baptistae</span> <span class='ocrx_word' id='word_1_68' title='bbox 1570 1502 1730 1598; x_wconf 85' lang='lat' dir='ltr'>provido·¹</span> <span class='ocrx_word' id='word_1_69' title='bbox 1836 1552 1842 1572; x_wconf 89' lang='lat'>.</span> 
     </span>
     <span class='ocr_line' id='line_1_11' title="bbox 455 1592 1846 1692; baseline 0.003 -23"><span class='ocrx_word' id='word_1_70' title='bbox 455 1595 561 1670; x_wconf 86' lang='lat' dir='ltr'>bitur.</span> <span class='ocrx_word' id='word_1_71' title='bbox 610 1592 666 1668; x_wconf 86' lang='lat' dir='ltr'>Ad</span> <span class='ocrx_word' id='word_1_72' title='bbox 687 1592 880 1688; x_wconf 85' lang='lat' dir='ltr'>Epistulam</span> <span class='ocrx_word' id='word_1_73' title='bbox 898 1615 990 1668; x_wconf 91' lang='lat' dir='ltr'>tuam</span> <span class='ocrx_word' id='word_1_74' title='bbox 1016 1596 1170 1691; x_wconf 84' lang='lat' dir='ltr'>propius.</span> <span class='ocrx_word' id='word_1_75' title='bbox 1191 1603 1358 1672; x_wconf 78' lang='lat' dir='ltr'>Zwr‘ecins</span> <span class='ocrx_word' id='word_1_76' title='bbox 1377 1616 1412 1670; x_wconf 84' lang='lat' dir='ltr'>te</span> <span class='ocrx_word' id='word_1_77' title='bbox 1426 1596 1623 1692; x_wconf 76' lang='lat' dir='ltr'>praedicavit</span> <span class='ocrx_word' id='word_1_78' title='bbox 1635 1597 1732 1673; x_wconf 88' lang='lat' dir='ltr'>beni·</span> <span class='ocrx_word' id='word_1_79' title='bbox 1826 1600 1846 1621; x_wconf 60' lang='lat'>⁸</span> 
     </span>
    </p>
   </div>
   <div class='ocr_carea' id='block_1_6' title="bbox 455 1688 1816 2442">
    <p class='ocr_par' dir='ltr' id='par_1_7' title="bbox 455 1688 1816 2442">
     <span class='ocr_line' id='line_1_12' title="bbox 455 1688 1729 1790; baseline 0.003 -27"><span class='ocrx_word' id='word_1_80' title='bbox 455 1689 640 1790; x_wconf 75' lang='lat' dir='ltr'>gniffime3</span> <span class='ocrx_word' id='word_1_81' title='bbox 661 1688 715 1761; x_wconf 88' lang='lat' dir='ltr'>sed</span> <span class='ocrx_word' id='word_1_82' title='bbox 737 1711 773 1761; x_wconf 86' lang='lat' dir='ltr'>es</span> <span class='ocrx_word' id='word_1_83' title='bbox 787 1691 954 1787; x_wconf 72' lang='lat' dir='ltr'>majorca</span> <span class='ocrx_word' id='word_1_84' title='bbox 977 1709 1035 1761; x_wconf 90' lang='lat' dir='ltr'>tua</span> <span class='ocrx_word' id='word_1_85' title='bbox 1055 1691 1210 1782; x_wconf 86' lang='lat' dir='ltr'>epistola,</span> <span class='ocrx_word' id='word_1_86' title='bbox 1233 1714 1335 1785; x_wconf 90' lang='lat' dir='ltr'>quam</span> <span class='ocrx_word' id='word_1_87' title='bbox 1358 1691 1449 1764; x_wconf 86' lang='lat' dir='ltr'>illius</span> <span class='ocrx_word' id='word_1_88' title='bbox 1465 1690 1729 1784; x_wconf 74' lang='lat' dir='ltr'>praedicatione,</span> 
     </span>
     <span class='ocr_line' id='line_1_13' title="bbox 457 1783 1724 1880; baseline 0.004 -23"><span class='ocrx_word' id='word_1_89' title='bbox 457 1805 525 1857; x_wconf 85' lang='lat' dir='ltr'>tam</span> <span class='ocrx_word' id='word_1_90' title='bbox 542 1786 702 1880; x_wconf 82' lang='lat' dir='ltr'>elegans,</span> <span class='ocrx_word' id='word_1_91' title='bbox 723 1803 790 1854; x_wconf 88' lang='lat' dir='ltr'>tam</span> <span class='ocrx_word' id='word_1_92' title='bbox 815 1806 897 1876; x_wconf 92' lang='lat' dir='ltr'>pura</span> <span class='ocrx_word' id='word_1_93' title='bbox 920 1802 986 1854; x_wconf 87' lang='lat' dir='ltr'>tam</span> <span class='ocrx_word' id='word_1_94' title='bbox 1006 1804 1059 1873; x_wconf 86' lang='lat' dir='ltr'>pta</span> <span class='ocrx_word' id='word_1_95' title='bbox 1080 1783 1151 1872; x_wconf 90' lang='lat' dir='ltr'>est,</span> <span class='ocrx_word' id='word_1_96' title='bbox 1177 1807 1282 1878; x_wconf 90' lang='lat' dir='ltr'>quam</span> <span class='ocrx_word' id='word_1_97' title='bbox 1307 1784 1431 1873; x_wconf 70' lang='lat' dir='ltr'>facile,</span> <span class='ocrx_word' id='word_1_98' title='bbox 1456 1783 1480 1855; x_wconf 83' lang='lat' dir='ltr'>st</span> <span class='ocrx_word' id='word_1_99' title='bbox 1503 1809 1573 1856; x_wconf 92' lang='lat' dir='ltr'>non</span> <span class='ocrx_word' id='word_1_100' title='bbox 1591 1785 1724 1878; x_wconf 85' lang='lat' dir='ltr'>superat</span> 
     </span>
     <span class='ocr_line' id='line_1_14' title="bbox 456 1877 1729 2040; baseline 0 -90"><span class='ocrx_word' id='word_1_101' title='bbox 456 1878 549 1952; x_wconf 66' lang='lat' dir='ltr'>certe</span> <span class='ocrx_word' id='word_1_102' title='bbox 584 1895 699 2040; x_wconf 49' lang='grc' dir='ltr'>Ἴως</span> <span class='ocrx_word' id='word_1_103' title='bbox 735 1881 895 1978; x_wconf 56' lang='lat' dir='ltr'>Perstrepit</span> <span class='ocrx_word' id='word_1_104' title='bbox 935 1883 1137 1981; x_wconf 39' lang='lat' dir='ltr'>Germanica·</span> <span class='ocrx_word' id='word_1_105' title='bbox 1165 1880 1212 1946; x_wconf 81' lang='lat' dir='ltr'>ad</span> <span class='ocrx_word' id='word_1_106' title='bbox 1251 1886 1402 1948; x_wconf 76' lang='lat' dir='ltr'>Senatum</span> <span class='ocrx_word' id='word_1_107' title='bbox 1441 1877 1729 1972; x_wconf 74' lang='lat' dir='ltr'>Constantirnsem,</span> 
     </span>
     <span class='ocr_line' id='line_1_15' title="bbox 455 1967 1732 2170; baseline -0.002 -32"><span class='ocrx_word' id='word_1_108' title='bbox 455 1968 803 2149; x_wconf 51' lang='lat' dir='ltr'>trituraret:</span> <span class='ocrx_word' id='word_1_109' title='bbox 821 1967 1732 2170; x_wconf 50' lang='lat' dir='ltr'>3333irriffrss‘etniffr‘ddaigssizdarre</span> 
     </span>
     <span class='ocr_line' id='line_1_16' title="bbox 456 2153 1816 2253; baseline 0.001 -18"><span class='ocrx_word' id='word_1_110' title='bbox 456 2161 513 2237; x_wconf 82' lang='lat' dir='ltr'>seu</span> <span class='ocrx_word' id='word_1_111' title='bbox 531 2181 650 2253; x_wconf 79' lang='lat' dir='ltr'>parunt</span> <span class='ocrx_word' id='word_1_112' title='bbox 672 2153 876 2231; x_wconf 70' lang='lat' dir='ltr'>suffecturus</span> <span class='ocrx_word' id='word_1_113' title='bbox 901 2154 1055 2229; x_wconf 81' lang='lat' dir='ltr'>causeris.</span> <span class='ocrx_word' id='word_1_114' title='bbox 1104 2155 1181 2230; x_wconf 86' lang='lat' dir='ltr'>Sub</span> <span class='ocrx_word' id='word_1_115' title='bbox 1197 2157 1256 2228; x_wconf 85' lang='lat' dir='ltr'>tait</span> <span class='ocrx_word' id='word_1_116' title='bbox 1276 2179 1450 2249; x_wconf 80' lang='lat' dir='ltr'>provincra</span> <span class='ocrx_word' id='word_1_117' title='bbox 1468 2182 1570 2231; x_wconf 87' lang='lat' dir='ltr'>nemo</span> <span class='ocrx_word' id='word_1_118' title='bbox 1586 2181 1730 2237; x_wconf 76' lang='lat' dir='ltr'>vocatus</span> <span class='ocrx_word' id='word_1_119' title='bbox 1814 2207 1816 2211; x_wconf 79' lang='lat'><em>.</em></span> 
     </span>
     <span class='ocr_line' id='line_1_17' title="bbox 455 2250 1729 2350; baseline 0.003 -24"><span class='ocrx_word' id='word_1_120' title='bbox 455 2251 617 2343; x_wconf 86' lang='lat' dir='ltr'>deficiet,</span> <span class='ocrx_word' id='word_1_121' title='bbox 643 2275 724 2324; x_wconf 86' lang='lat' dir='ltr'>cum</span> <span class='ocrx_word' id='word_1_122' title='bbox 743 2251 908 2324; x_wconf 82' lang='lat' dir='ltr'>divinitus</span> <span class='ocrx_word' id='word_1_123' title='bbox 933 2250 1125 2346; x_wconf 85' lang='lat' dir='ltr'>adjuvetur.</span> <span class='ocrx_word' id='word_1_124' title='bbox 1173 2251 1322 2326; x_wconf 84' lang='lat' dir='ltr'>Gaudeo</span> <span class='ocrx_word' id='word_1_125' title='bbox 1336 2253 1486 2350; x_wconf 87' lang='lat' dir='ltr'>denique</span> <span class='ocrx_word' id='word_1_126' title='bbox 1500 2251 1643 2328; x_wconf 83' lang='lat' dir='ltr'>ausuros</span> <span class='ocrx_word' id='word_1_127' title='bbox 1664 2279 1729 2330; x_wconf 78' lang='lat' dir='ltr'>vos</span> 
     </span>
     <span class='ocr_line' id='line_1_18' title="bbox 455 2343 1729 2442; baseline 0.002 -21"><span class='ocrx_word' id='word_1_128' title='bbox 455 2348 617 2422; x_wconf 84' lang='lat' dir='ltr'>innovare</span> <span class='ocrx_word' id='word_1_129' title='bbox 638 2345 741 2435; x_wconf 84' lang='lat' dir='ltr'>foris,</span> <span class='ocrx_word' id='word_1_130' title='bbox 767 2370 848 2442; x_wconf 87' lang='lat' dir='ltr'>quae</span> <span class='ocrx_word' id='word_1_131' title='bbox 862 2343 975 2420; x_wconf 86' lang='lat' dir='ltr'>verbo</span> <span class='ocrx_word' id='word_1_132' title='bbox 993 2343 1028 2416; x_wconf 90' lang='lat' dir='ltr'>in</span> <span class='ocrx_word' id='word_1_133' title='bbox 1054 2344 1218 2418; x_wconf 82' lang='lat' dir='ltr'>cordibus</span> <span class='ocrx_word' id='word_1_134' title='bbox 1247 2347 1384 2441; x_wconf 88' lang='lat' dir='ltr'>piorum</span> <span class='ocrx_word' id='word_1_135' title='bbox 1410 2348 1590 2423; x_wconf 88' lang='lat' dir='ltr'>instaurata</span> <span class='ocrx_word' id='word_1_136' title='bbox 1611 2349 1729 2426; x_wconf 75' lang='lat' dir='ltr'>nostis.</span> 
     </span>
    </p>
   </div>
   <div class='ocr_carea' id='block_1_7' title="bbox 347 2438 1727 2538">
    <p class='ocr_par' dir='ltr' id='par_1_8' title="bbox 347 2438 1727 2538">
     <span class='ocr_line' id='line_1_19' title="bbox 347 2438 1727 2538; baseline 0.002 -22"><span class='ocrx_word' id='word_1_137' title='bbox 347 2457 354 2467; x_wconf 87' lang='lat'>&#39;</span> <span class='ocrx_word' id='word_1_138' title='bbox 456 2442 552 2516; x_wconf 88' lang='lat' dir='ltr'>Nam</span> <span class='ocrx_word' id='word_1_139' title='bbox 567 2439 734 2518; x_wconf 79' lang='lat' dir='ltr'>evanescit</span> <span class='ocrx_word' id='word_1_140' title='bbox 751 2438 913 2535; x_wconf 84' lang='lat' dir='ltr'>Spiritus,</span> <span class='ocrx_word' id='word_1_141' title='bbox 937 2438 1244 2536; x_wconf 78' lang='lat' dir='ltr'>siquaeaffeverat,</span> <span class='ocrx_word' id='word_1_142' title='bbox 1267 2440 1605 2538; x_wconf 79' lang='lat' dir='ltr'>oeffasrepraestare,</span> <span class='ocrx_word' id='word_1_143' title='bbox 1625 2443 1727 2519; x_wconf 87' lang='lat' dir='ltr'>etiam</span> 
     </span>
    </p>
   </div>
   <div class='ocr_carea' id='block_1_8' title="bbox 363 2533 1754 3868">
    <p class='ocr_par' dir='ltr' id='par_1_9' title="bbox 363 2533 1754 3868">
     <span class='ocr_line' id='line_1_20' title="bbox 455 2533 1730 2635; baseline 0.002 -24"><span class='ocrx_word' id='word_1_144' title='bbox 455 2537 672 2612; x_wconf 78' lang='lat' dir='ltr'>cundiatioue</span> <span class='ocrx_word' id='word_1_145' title='bbox 688 2553 746 2609; x_wconf 88' lang='lat' dir='ltr'>tua</span> <span class='ocrx_word' id='word_1_146' title='bbox 768 2558 934 2635; x_wconf 84' lang='lat' dir='ltr'>magnum</span> <span class='ocrx_word' id='word_1_147' title='bbox 950 2558 986 2609; x_wconf 89' lang='lat' dir='ltr'>ar</span> <span class='ocrx_word' id='word_1_148' title='bbox 1013 2557 1191 2611; x_wconf 90' lang='lat' dir='ltr'>umentum</span> <span class='ocrx_word' id='word_1_149' title='bbox 1215 2533 1347 2631; x_wconf 83' lang='lat' dir='ltr'>praebes</span> <span class='ocrx_word' id='word_1_150' title='bbox 1365 2534 1636 2631; x_wconf 81' lang='lat' dir='ltr'>incomparabilis</span> <span class='ocrx_word' id='word_1_151' title='bbox 1657 2559 1730 2613; x_wconf 79' lang='lat' dir='ltr'>tuat</span> 
     </span>
     <span class='ocr_line' id='line_1_21' title="bbox 453 2557 1726 2738; baseline 0.003 -33"><span class='ocrx_word' id='word_1_152' title='bbox 453 2631 657 2738; x_wconf 81' lang='lat' dir='ltr'>prudentiae.</span> <span class='ocrx_word' id='word_1_153' title='bbox 703 2630 819 2727; x_wconf 82' lang='lat' dir='ltr'>Nobis</span> <span class='ocrx_word' id='word_1_154' title='bbox 848 2652 960 2705; x_wconf 89' lang='lat' dir='ltr'>tamen</span> <span class='ocrx_word' id='word_1_155' title='bbox 984 2557 1040 2705; x_wconf 63' lang='grc' dir='ltr'>Εἰς</span> <span class='ocrx_word' id='word_1_156' title='bbox 1062 2632 1173 2706; x_wconf 87' lang='lat' dir='ltr'>multa</span> <span class='ocrx_word' id='word_1_157' title='bbox 1198 2651 1322 2735; x_wconf 83' lang='lat' dir='ltr'>praeter</span> <span class='ocrx_word' id='word_1_158' title='bbox 1347 2632 1726 2738; x_wconf 72' lang='lat' dir='ltr'>ooniiliaaccideruntr</span> 
     </span>
     <span class='ocr_line' id='line_1_22' title="bbox 454 2725 1727 2823; baseline -0.004 -24"><span class='ocrx_word' id='word_1_159' title='bbox 454 2728 587 2822; x_wconf 82' lang='lat' dir='ltr'>profuit</span> <span class='ocrx_word' id='word_1_160' title='bbox 603 2727 743 2823; x_wconf 87' lang='lat' dir='ltr'>inquam</span> <span class='ocrx_word' id='word_1_161' title='bbox 767 2725 788 2799; x_wconf 74' lang='grc' dir='ltr'>ὲ</span> <span class='ocrx_word' id='word_1_162' title='bbox 804 2727 946 2800; x_wconf 81' lang='lat' dir='ltr'>Mathia</span> <span class='ocrx_word' id='word_1_163' title='bbox 964 2730 1071 2803; x_wconf 78' lang='lat' dir='ltr'>Zellr&#39;o</span> <span class='ocrx_word' id='word_1_164' title='bbox 1085 2728 1271 2823; x_wconf 85' lang='lat' dir='ltr'>prreserum</span> <span class='ocrx_word' id='word_1_165' title='bbox 1289 2746 1395 2801; x_wconf 88' lang='lat' dir='ltr'>totam</span> <span class='ocrx_word' id='word_1_166' title='bbox 1419 2725 1580 2803; x_wconf 80' lang='lat' dir='ltr'>sentinam</span> <span class='ocrx_word' id='word_1_167' title='bbox 1592 2726 1727 2803; x_wconf 78' lang='lat' dir='ltr'>abomi-</span> 
     </span>
     <span class='ocr_line' id='line_1_23' title="bbox 453 2820 1728 2917; baseline -0.001 -21"><span class='ocrx_word' id='word_1_168' title='bbox 453 2820 598 2896; x_wconf 83' lang='lat' dir='ltr'>nationis</span> <span class='ocrx_word' id='word_1_169' title='bbox 608 2820 960 2913; x_wconf 76' lang='lat' dir='ltr'>Pontificiae&#39;motam,</span> <span class='ocrx_word' id='word_1_170' title='bbox 981 2846 1036 2895; x_wconf 90' lang='lat' dir='ltr'>me</span> <span class='ocrx_word' id='word_1_171' title='bbox 1047 2823 1165 2895; x_wconf 81' lang='lat' dir='ltr'>inicio.</span> <span class='ocrx_word' id='word_1_172' title='bbox 1211 2823 1307 2894; x_wconf 87' lang='lat' dir='ltr'>Nam</span> <span class='ocrx_word' id='word_1_173' title='bbox 1321 2821 1541 2917; x_wconf 81' lang='lat' dir='ltr'>posteaquam</span> <span class='ocrx_word' id='word_1_174' title='bbox 1552 2822 1728 2914; x_wconf 74' lang='lat' dir='ltr'>rer&#39;cirem,</span> 
     </span>
     <span class='ocr_line' id='line_1_24' title="bbox 363 2912 1727 3100; baseline -0.002 -18"><span class='ocrx_word' id='word_1_175' title='bbox 363 3030 365 3036; x_wconf 67' lang='lat'><em>=</em></span> <span class='ocrx_word' id='word_1_176' title='bbox 451 2912 1727 3100; x_wconf 43' lang='lat' dir='ltr'>sided‘irrz&#39;dtt‘zffieradii}edifficandum?</span> 
     </span>
     <span class='ocr_line' id='line_1_25' title="bbox 453 3061 1726 3195; baseline -0.002 -21"><span class='ocrx_word' id='word_1_177' title='bbox 453 3102 570 3175; x_wconf 86' lang='lat' dir='ltr'>videre</span> <span class='ocrx_word' id='word_1_178' title='bbox 580 3061 875 3194; x_wconf 69' lang='lat' dir='ltr'>⁸non-potuimus,</span> <span class='ocrx_word' id='word_1_179' title='bbox 895 3119 955 3171; x_wconf 86' lang='lat' dir='ltr'>aut</span> <span class='ocrx_word' id='word_1_180' title='bbox 975 3096 1099 3169; x_wconf 86' lang='lat' dir='ltr'>referre</span> <span class='ocrx_word' id='word_1_181' title='bbox 1115 3098 1262 3195; x_wconf 89' lang='lat' dir='ltr'>gradum</span> <span class='ocrx_word' id='word_1_182' title='bbox 1279 3118 1349 3168; x_wconf 88' lang='lat' dir='ltr'>nou</span> <span class='ocrx_word' id='word_1_183' title='bbox 1367 3096 1436 3169; x_wconf 83' lang='lat' dir='ltr'>fine</span> <span class='ocrx_word' id='word_1_184' title='bbox 1451 3095 1638 3194; x_wconf 71' lang='lat' dir='ltr'>dejectione</span> <span class='ocrx_word' id='word_1_185' title='bbox 1649 3101 1726 3195; x_wconf 88' lang='lat' dir='ltr'>pio·</span> 
     </span>
     <span class='ocr_line' id='line_1_26' title="bbox 452 3188 1724 3298; baseline 0.002 -31"><span class='ocrx_word' id='word_1_186' title='bbox 452 3218 550 3283; x_wconf 81' lang='lat' dir='ltr'>runt,</span> <span class='ocrx_word' id='word_1_187' title='bbox 570 3192 632 3298; x_wconf 87' lang='lat' dir='ltr'>qui</span> <span class='ocrx_word' id='word_1_188' title='bbox 651 3188 790 3287; x_wconf 75' lang='lat' dir='ltr'>frigent,</span> <span class='ocrx_word' id='word_1_189' title='bbox 812 3191 875 3286; x_wconf 89' lang='lat' dir='ltr'>qui</span> <span class='ocrx_word' id='word_1_190' title='bbox 888 3212 1094 3277; x_wconf 87' lang='lat' dir='ltr'>enecantur,</span> <span class='ocrx_word' id='word_1_191' title='bbox 1115 3189 1412 3265; x_wconf 79' lang='lat' dir='ltr'>ubinosducesla</span> <span class='ocrx_word' id='word_1_192' title='bbox 1462 3213 1543 3265; x_wconf 88' lang='lat' dir='ltr'>uere</span> <span class='ocrx_word' id='word_1_193' title='bbox 1553 3189 1724 3269; x_wconf 73' lang='lat' dir='ltr'>smilerint.</span> 
     </span>
     <span class='ocr_line' id='line_1_27' title="bbox 453 3282 1724 3454; baseline -0.001 -91"><span class='ocrx_word' id='word_1_194' title='bbox 453 3288 565 3388; x_wconf 85' lang='lat' dir='ltr'>Perge</span> <span class='ocrx_word' id='word_1_195' title='bbox 583 3285 691 3454; x_wconf 69' lang='lat' dir='ltr'>igitur</span> <span class='ocrx_word' id='word_1_196' title='bbox 708 3283 805 3392; x_wconf 80' lang='lat' dir='ltr'>bonis</span> <span class='ocrx_word' id='word_1_197' title='bbox 818 3283 940 3393; x_wconf 60' lang='lat' dir='ltr'>avilius</span> <span class='ocrx_word' id='word_1_198' title='bbox 951 3302 984 3358; x_wconf 89' lang='lat' dir='ltr'>et</span> <span class='ocrx_word' id='word_1_199' title='bbox 998 3282 1135 3392; x_wconf 81' lang='lat' dir='ltr'>auspice</span> <span class='ocrx_word' id='word_1_200' title='bbox 1146 3283 1300 3391; x_wconf 75' lang='lat' dir='ltr'>Christo.</span> <span class='ocrx_word' id='word_1_201' title='bbox 1348 3286 1429 3360; x_wconf 86' lang='lat' dir='ltr'>Sine</span> <span class='ocrx_word' id='word_1_202' title='bbox 1529 3285 1724 3393; x_wconf 80' lang='lat' dir='ltr'>enimprae·</span> 
     </span>
     <span class='ocr_line' id='line_1_28' title="bbox 453 3378 1723 3480; baseline -0.001 -23"><span class='ocrx_word' id='word_1_203' title='bbox 453 3385 544 3459; x_wconf 87' lang='lat' dir='ltr'>sente</span> <span class='ocrx_word' id='word_1_204' title='bbox 563 3407 598 3454; x_wconf 85' lang='lat' dir='ltr'>nr</span> <span class='ocrx_word' id='word_1_205' title='bbox 625 3378 782 3454; x_wconf 84' lang='lat' dir='ltr'>dmolrti</span> <span class='ocrx_word' id='word_1_206' title='bbox 805 3399 996 3480; x_wconf 64' lang='lat' dir='ltr'>continget,</span> <span class='ocrx_word' id='word_1_207' title='bbox 1039 3380 1085 3455; x_wconf 84' lang='lat' dir='ltr'>Vr</span> <span class='ocrx_word' id='word_1_208' title='bbox 1149 3380 1220 3453; x_wconf 88' lang='lat' dir='ltr'>hen</span> <span class='ocrx_word' id='word_1_209' title='bbox 1244 3380 1353 3454; x_wconf 78' lang='lat' dir='ltr'>fratris</span> <span class='ocrx_word' id='word_1_210' title='bbox 1378 3383 1430 3455; x_wconf 89' lang='lat' dir='ltr'>tui</span> <span class='ocrx_word' id='word_1_211' title='bbox 1453 3381 1488 3454; x_wconf 87' lang='lat' dir='ltr'><em>T</em></span> <span class='ocrx_word' id='word_1_212' title='bbox 1486 3381 1577 3452; x_wconf 79' lang='lat' dir='ltr'>homa</span> <span class='ocrx_word' id='word_1_213' title='bbox 1597 3405 1617 3454; x_wconf 91' lang='lat' dir='ltr'>e</span> <span class='ocrx_word' id='word_1_214' title='bbox 1641 3381 1723 3456; x_wconf 87' lang='lat' dir='ltr'>rsto·</span> 
     </span>
     <span class='ocr_line' id='line_1_29' title="bbox 450 3406 1723 3575; baseline -0.002 -23"><span class='ocrx_word' id='word_1_215' title='bbox 450 3478 542 3567; x_wconf 89' lang='lat' dir='ltr'>iam,</span> <span class='ocrx_word' id='word_1_216' title='bbox 575 3497 612 3551; x_wconf 93' lang='lat' dir='ltr'>ut</span> <span class='ocrx_word' id='word_1_217' title='bbox 630 3498 785 3575; x_wconf 82' lang='lat' dir='ltr'>auguror¹</span> <span class='ocrx_word' id='word_1_218' title='bbox 795 3459 978 3569; x_wconf 76' lang='lat' dir='ltr'>subscnpa</span> <span class='ocrx_word' id='word_1_219' title='bbox 992 3473 1042 3549; x_wconf 80' lang='lat' dir='ltr'>est</span> <span class='ocrx_word' id='word_1_220' title='bbox 1058 3499 1077 3547; x_wconf 92' lang='lat' dir='ltr'>a</span> <span class='ocrx_word' id='word_1_221' title='bbox 1126 3474 1566 3563; x_wconf 82' lang='lat' dir='ltr'>lescentisConstautieniir,</span> <span class='ocrx_word' id='word_1_222' title='bbox 1588 3406 1723 3550; x_wconf 56' lang='lat' dir='ltr'>ascon-</span> 
     </span>
     <span class='ocr_line' id='line_1_30' title="bbox 454 3569 1754 3669; baseline -0.005 -20"><span class='ocrx_word' id='word_1_223' title='bbox 454 3574 630 3648; x_wconf 87' lang='lat' dir='ltr'>sobrinum</span> <span class='ocrx_word' id='word_1_224' title='bbox 650 3571 770 3645; x_wconf 85' lang='lat' dir='ltr'>suum:</span> <span class='ocrx_word' id='word_1_225' title='bbox 794 3570 892 3668; x_wconf 84' lang='lat' dir='ltr'>cujus</span> <span class='ocrx_word' id='word_1_226' title='bbox 912 3569 1035 3669; x_wconf 85' lang='lat' dir='ltr'>gustus</span> <span class='ocrx_word' id='word_1_227' title='bbox 1050 3569 1338 3643; x_wconf 75' lang='lat' dir='ltr'>Blmerianmei</span> <span class='ocrx_word' id='word_1_228' title='bbox 1390 3570 1536 3643; x_wconf 86' lang='lat' dir='ltr'>uentiam</span> <span class='ocrx_word' id='word_1_229' title='bbox 1550 3570 1624 3644; x_wconf 78' lang='lat' dir='ltr'>ine.</span> <span class='ocrx_word' id='word_1_230' title='bbox 1642 3570 1723 3643; x_wconf 76' lang='lat' dir='ltr'>Paci-</span> <span class='ocrx_word' id='word_1_231' title='bbox 1752 3628 1754 3633; x_wconf 86' lang='lat'><em>.</em></span> 
     </span>
     <span class='ocr_line' id='line_1_31' title="bbox 452 3664 1722 3767; baseline -0.002 -26"><span class='ocrx_word' id='word_1_232' title='bbox 452 3668 519 3742; x_wconf 78' lang='lat' dir='ltr'>lem</span> <span class='ocrx_word' id='word_1_233' title='bbox 536 3688 570 3740; x_wconf 86' lang='lat' dir='ltr'>ct</span> <span class='ocrx_word' id='word_1_234' title='bbox 592 3664 747 3748; x_wconf 81' lang='lat' dir='ltr'>subtilem</span> <span class='ocrx_word' id='word_1_235' title='bbox 765 3664 939 3763; x_wconf 89' lang='lat' dir='ltr'>arguebat.</span> <span class='ocrx_word' id='word_1_236' title='bbox 989 3664 1083 3737; x_wconf 82' lang='lat' dir='ltr'>Eum</span> <span class='ocrx_word' id='word_1_237' title='bbox 1091 3665 1212 3764; x_wconf 83' lang='lat' dir='ltr'>jubeas</span> <span class='ocrx_word' id='word_1_238' title='bbox 1229 3687 1293 3737; x_wconf 91' lang='lat' dir='ltr'>oro</span> <span class='ocrx_word' id='word_1_239' title='bbox 1312 3689 1371 3739; x_wconf 87' lang='lat' dir='ltr'>ver</span> <span class='ocrx_word' id='word_1_240' title='bbox 1389 3665 1406 3767; x_wconf 52' lang='lat' dir='ltr'><em>J</em></span> <span class='ocrx_word' id='word_1_241' title='bbox 1440 3664 1524 3737; x_wconf 89' lang='lat' dir='ltr'>meis</span> <span class='ocrx_word' id='word_1_242' title='bbox 1538 3687 1620 3736; x_wconf 90' lang='lat' dir='ltr'>cum</span> <span class='ocrx_word' id='word_1_243' title='bbox 1637 3665 1722 3739; x_wconf 84' lang='lat' dir='ltr'>diie·</span> 
     </span>
     <span class='ocr_line' id='line_1_32' title="bbox 451 3758 1724 3868; baseline -0.002 -32"><span class='ocrx_word' id='word_1_244' title='bbox 451 3760 537 3836; x_wconf 68' lang='lat' dir='ltr'>eriis.</span> <span class='ocrx_word' id='word_1_245' title='bbox 561 3760 675 3832; x_wconf 85' lang='lat' dir='ltr'>sorore</span> <span class='ocrx_word' id='word_1_246' title='bbox 701 3758 827 3833; x_wconf 72' lang='lat' dir='ltr'>salvere</span> <span class='ocrx_word' id='word_1_247' title='bbox 847 3760 1066 3858; x_wconf 88' lang='lat' dir='ltr'>plurimum,</span> <span class='ocrx_word' id='word_1_248' title='bbox 1090 3760 1189 3855; x_wconf 79' lang='lat' dir='ltr'>cujus</span> <span class='ocrx_word' id='word_1_249' title='bbox 1212 3782 1337 3831; x_wconf 91' lang='lat' dir='ltr'>nomen</span> <span class='ocrx_word' id='word_1_250' title='bbox 1362 3758 1419 3832; x_wconf 79' lang='lat' dir='ltr'>hic</span> <span class='ocrx_word' id='word_1_251' title='bbox 1441 3758 1632 3868; x_wconf 81' lang='lat' dir='ltr'>periniigue</span> <span class='ocrx_word' id='word_1_252' title='bbox 1660 3758 1724 3834; x_wconf 86' lang='lat' dir='ltr'>est.</span> 
     </span>
    </p>
   </div>
   <div class='ocr_carea' id='block_1_9' title="bbox 377 3851 1767 4208">
    <p class='ocr_par' dir='ltr' id='par_1_10' title="bbox 377 3851 1767 4208">
     <span class='ocr_line' id='line_1_33' title="bbox 377 3851 1767 4026; baseline -0.01 -92"><span class='ocrx_word' id='word_1_253' title='bbox 377 3946 390 3963; x_wconf 89' lang='lat'><strong>.</strong></span> <span class='ocrx_word' id='word_1_254' title='bbox 451 3851 844 4026; x_wconf 56' lang='lat' dir='ltr'>Egregigsanedomus,</span> <span class='ocrx_word' id='word_1_255' title='bbox 865 3877 945 3962; x_wconf 75' lang='lat' dir='ltr'>qua:</span> <span class='ocrx_word' id='word_1_256' title='bbox 967 3854 1065 3960; x_wconf 76' lang='lat' dir='ltr'>tantis</span> <span class='ocrx_word' id='word_1_257' title='bbox 1080 3851 1221 3959; x_wconf 81' lang='lat' dir='ltr'>dotibus</span> <span class='ocrx_word' id='word_1_258' title='bbox 1233 3852 1395 3927; x_wconf 82' lang='lat' dir='ltr'>abundat.</span> <span class='ocrx_word' id='word_1_259' title='bbox 1440 3853 1583 3927; x_wconf 83' lang='lat' dir='ltr'>Amicos</span> <span class='ocrx_word' id='word_1_260' title='bbox 1603 3875 1724 3927; x_wconf 80' lang='lat' dir='ltr'>ornnes</span> <span class='ocrx_word' id='word_1_261' title='bbox 1762 3913 1767 3920; x_wconf 93' lang='lat'>.</span> 
     </span>
     <span class='ocr_line' id='line_1_34' title="bbox 450 3946 1723 4208; baseline -0.012 -83"><span class='ocrx_word' id='word_1_262' title='bbox 450 3951 561 4125; x_wconf 62' lang='lat' dir='ltr'>idi&gt;</span> <span class='ocrx_word' id='word_1_263' title='bbox 581 4004 617 4119; x_wconf 67' lang='lat' dir='ltr'>n·</span> <span class='ocrx_word' id='word_1_264' title='bbox 635 3946 1723 4208; x_wconf 53' lang='lat' dir='ltr'>iridemn‘rrnrytitertui‘nintn‘ngff</span> 
     </span>
    </p>
   </div>
   <div class='ocr_carea' id='block_1_10' title="bbox 0 0 2226 5150">
    <p class='ocr_par' dir='ltr' id='par_1_11' title="bbox 0 0 2226 5150">
     <span class='ocr_line' id='line_1_35' title="bbox 0 0 2226 5150; baseline 0 5"><span class='ocrx_word' id='word_1_265' title='bbox 0 0 2226 5150; x_wconf 95' lang='lat' dir='ltr'> </span> 
     </span>
    </p>
   </div>
  </div>
 </body>
</html>
