4442 5150
498 662 566 741 342
684 634 1067 735 HISTORIA
1110 631 1549 711 EVANGELII
1645 636 1816 738 A.r527.

498 827 527 869 ,‚
546 771 746 848 clufionum
775 772 983 844 Editionem
1012 768 1276 843 commendare.
1318 772 1447 866 Rogat
1470 769 1583 866 igitur
1603 768 1747 863 denub,
1771 790 1838 847 ut·

501 924 530 966 „
548 895 668 944 euram
688 872 826 968 negotii
845 872 881 941 in
898 867 931 940 se
949 865 1134 960 suscipiat,
1151 868 1361 963 easdemque
1378 867 1638 941 Conclusrones
1657 871 1693 940 in
1713 869 1817 944 usum

503 1023 532 1064 ,‚
551 967 793 1042 Ecclefiarum
822 963 1065 1038 Vaudenfium
1086 964 1283 1037 Latinitate
1301 966 1424 1038 donet.
1467 965 1557 1037 Tibi
1578 967 1645 1058 (ita
1662 968 1817 1055 claudit)

502 1069 642 1161 „enim
662 1067 887 1162 provinciam
907 1064 995 1135 banc
1013 1061 1279 1154 commifimus,
1299 1065 1337 1137 ὅ(
1355 1087 1461 1161 quam
1480 1087 1552 1134 non
1568 1066 1819 1141 committere·

504 1216 534 1257 „
552 1164 650 1236 mus!
673 1215 699 1254 „
743 1163 813 1236 Sed
839 1163 932 1234 idern
961 1161 1021 1232 illc
1048 1159 1366 1252 HALLERUS,
1393 1185 1475 1233 curn
1495 1162 1702 1258 Zwinglius
1721 1188 1819 1259 prae·

506 1261 650 1335 sentiam
675 1260 768 1332 suam
789 1258 1026 1350 condixillet,
1054 1258 1151 1328 miris
1170 1258 1305 1330 laetitiis
1325 1259 1511 1351 incellere,
1538 1283 1655 1358 neque
1671 1284 1730 1333 eas
1748 1260 1818 1359 ipsa

506 1359 855 1460 Zwinglio‘celare,
890 1358 977 1453 quin
1002 1377 1183 1449 exponere
1209 1359 1329 1451 potius
1347 1357 1442 1429 hunc
1461 1357 1496 1426 in
1514 1359 1664 1429 modum
1683 1359 1818 1434 voluit.

406 1478 409 1489 ·
469 1518 474 1526 .
505 1508 534 1551 ,,
552 1457 668 1529 Nunc
695 1457 822 1547 video,
858 1451 1041 1526 clariffime
1069 1452 1288 1544 Hulderice,
1315 1478 1418 1551 quam
1439 1452 1616 1548 insperato
1636 1456 1821 1532 Dominus

491 1605 532 1647 .„
551 1556 646 1652 apud
666 1577 729 1626 nos
747 1577 810 1648 per
828 1553 940 1625 Te&
958 1575 1021 1647 per
1039 1549 1363 1645 Oecolampadium
1384 1552 1536 1648 gloriam
1549 1553 1597 1645 (a)
1618 1553 1712 1626 suam
1731 1578 1818 1651 pro·

506 1654 688 1746 „moveri
717 1652 828 1742 velit,
854 1673 939 1722 curn
957 1668 1108 1744 uterque
1127 1645 1182 1738 se,
1207 1649 1272 1720 nist
1293 1653 1366 1721 vita
1383 1650 1583 1743 adimatur,
1609 1651 1818 1726 adfuturum

477 1746 533 1843 ''„
553 1754 702 1822 omnino
731 1749 956 1843 polliceatur.
999 1748 1073 1818 Hae
1101 1743 1181 1818 lunt
1207 1749 1394 1819 auxiliares
1417 1749 1559 1842 copia,
1585 1750 1719 1845 quibus
1734 1753 1817 1823 Do-

508 1880 535 1941 ,·‚
556 1850 672 1919 minus
698 1870 755 1918 me
781 1846 852 1918 hoc
872 1845 1023 1940 negotio
1042 1840 1152 1938 longe
1170 1846 1365 1939 imparem,
1391 1870 1523 1917 armare
1541 1847 1731 1944 dignatur:
1768 1848 1820 1922 Et

506 1949 688 2037 „utinam
717 1945 838 2015 omnia
863 1940 1142 2013 adversariorum
1170 1962 1381 2037 argumenta
1407 1946 1443 2013 in
1460 1967 1571 2016 unum
1591 1941 1819 2018 effunderen-

504 2095 532 2133 „
553 2062 633 2127 tur3
655 2036 793 2136 'praesto
809 2038 940 2129 effent,
967 2039 1129 2134 quicum
1150 2048 1279 2135 magna
1294 2041 1365 2111 Dei
1384 2041 1522 2135 gloria,
1550 2041 1687 2141 fingula
1703 2042 1819 2116 dilue·

504 2192 533 2234 „
551 2138 650 2212 rent!
679 2141 738 2210 Te
754 2157 815 2210 aut
835 2135 1077 2211 Sebastianum
1097 2135 1170 2206 dies
1188 2135 1247 2216 sex
1266 2157 1327 2210 aut
1345 2136 1430 2210 octo
1446 2159 1528 2213 ante
1543 2139 1732 2238 praefixum
1744 2158 1819 2215 ter·

506 2239 689 2330 „minum
717 2233 970 2331 expediamus,
1004 2234 1066 2330 qui
1094 2235 1215 2305 omn-ia
1234 2233 1390 2307 dedolet.
1433 2235 1578 2334 Trempii
1596 2240 1723 2313 domus
1741 2258 1822 2317 tota

509 2336 725 2430 „Tecum
753 2331 994 2424 Consulibus,
1030 2330 1167 2425 saqnos
1185 2331 1397 2427 adduxeris,
1422 2335 1602 2432 expeclat.
1644 2339 1819 2410 oecolam-

508 2484 535 2529 „
549 2437 689 2529 podiam
707 2435 743 2504 in
761 2434 909 2504 domum
927 2453 1066 2517 meam,
1094 2430 1288 2503 Vadianum
1307 2427 1490 2514 Tilmanus.
1518 2436 1658 2510 Nullius
1676 2458 1821 2532 quoque

505 2533 703 2625 „domum
729 2529 823 2604 suam
851 2530 1002 2628 aperuit.
1051 2527 1264 2624 Oligarchae
1293 2530 1328 2603 in
1354 2534 1494 2630 angulis
1520 2535 1817 2608 obmurmurant:

505 2681 535 2726 „
554 2631 716 2703 Conatus
742 2654 866 2703 eorum
891 2652 964 2701 non
991 2627 1164 2718 deerunt,
1199 2653 1274 2725 quo
1300 2628 1504 2704 institutum
1524 2633 1583 2705 vel
1600 2635 1843 2730 impediant,

504 2728 609 2824 „vel
628 2728 905 2824 cum·impedire
923 2749 995 2798 non
1014 2721 1164 2822 possint,
1191 2724 1436 2804 confundant:
1465 2731 1542 2804 Aut
1559 2734 1710 2804 omnino
1726 2757 1820 2830 prae·

505 2879 533 2921 „
553 2825 665 2901 sentes
693 2852 767 2898 non
785 2826 864 2900 sant.
907 2824 978 2899 Sed
995 2820 1204 2897 instabimus
1222 2826 1389 2900 omnibus
1408 2828 1566 2923 viribus,
1594 2854 1638 2903 ne
1657 2830 1766 2904 Satan
1784 2832 1823 2904 in

505 2927 623 3017 „illis
650 2944 829 3019 erumpat.
875 2922 959 2996 Nisr
987 2922 1129 2994 dextras
1150 2924 1343 3019 junxeritis
1368 2950 1515 3019 ornnes,
1549 2925 1669 3000 actum
1695 2930 1774 2999 erit.
1794 2979 1822 3020 ‚,

508 3023 672 3094 Vixdum
700 3042 818 3093 autem
844 3022 904 3093 illa
922 3022 1144 3093 concertatio
1167 3020 1331 3112 decreta,
1358 3042 1464 3120 atque
1482 3048 1545 3120 per
1563 3046 1706 3096 omnem
1727 3024 1821 3096 Hel·

506 3121 639 3194 uetiam
659 3121 865 3217 vicinasque
880 3120 1043 3217 regiones
1060 3117 1273 3207 transmilla,
1293 3120 1379 3217 quin
1398 3144 1504 3193 novae
1520 3120 1621 3193 tricae
1636 3118 1821 3194 necleren·
1867 3168 1875 3187 ι

507 3240 590 3310 rur,
617 3221 654 3292 ὅ(
674 3242 768 3289 nova
785 3217 819 3290 se
838 3219 1031 3313 proderent
1050 3215 1301 3287 incommoda:
1330 3217 1466 3310 Certe,
1492 3219 1644 3291 Carolus
1662 3216 1712 3289 V.
1745 3220 1821 3292 lm·

507 3314 689 3415 peratoral
708 3313 775 3388 suis
795 3316 1004 3413 instigatus,
1030 3313 1087 3385 vel
1106 3312 1227 3408 potius
1246 3315 1456 3388 Concilium
1478 3314 1669 3409 Imperiale
1687 3315 1723 3388 in
1743 3318 1822 3392 Co·

505 3418 616 3490 mitiis
636 3412 860 3513 Spirensrbus
879 3425 1166 3508 congregatum,
1185 3411 1308 3485 Caroli
1326 3415 1473 3486 nomine
1482 3413 1523 3485 ad
1537 3412 1726 3488 Beruenses
1737 3440 1821 3515 gra·

507 3513 679 3588 viffimam
708 3517 851 3588 mittere
874 3509 1071 3607 Epistulam
1091 3508 1371 3582 dehortatoriam
1392 3512 1471 3603 (b);
1508 3513 1611 3585 Huic
1630 3515 1822 3590 Bernenses

506 3612 743 3707 respondent:
779 3665 806 3705 „
826 3611 1020 3706 Plerosque
1037 3608 1081 3678 ad
1097 3606 1372 3702 disputationem
1387 3612 1461 3706 jam
1474 3612 1706 3701 convenisse,
1736 3615 1823 3686 Dis·

506 3760 534 3801 „
556 3708 640 3780 fidia
667 3710 850 3807 religionis
877 3707 955 3780 fieri
983 3706 1095 3778 indies
1114 3707 1267 3800 majora:
1294 3706 1407 3781 Orbis
1426 3709 1622 3782 Christiani
1640 3712 1763 3809 Reges
1781 3714 1823 3784 iis

508 3857 536 3897 „
556 3809 815 3899 componendis
843 3830 989 3902 operam
1018 3828 1091 3877 non
1111 3801 1338 3900 impendere:
1374 3805 1407 3879 se
1425 3809 1539 3904 igitur
1557 3807 1607 3881 lui
1625 3806 1693 3882 elle
1710 3808 1824 3882 officii

508 3956 536 3996 „
556 3902 752 3998 reputaffe,
788 3905 831 3976 de
858 3907 1010 3978 veritate
1037 3901 1248 3997 inquirenda
1271 3901 1454 3999 laborare,
1488 3931 1642 4004 eumque
1660 3908 1695 3979 in
1714 3906 1822 3980 finem

507 4056 534 4096 „
554 4002 646 4075 banc
675 4000 868 4076 decreviffe
894 4002 1196 4103 disputationem,
1223 4002 1322 4099 quod
1341 4026 1385 4078 ne
1403 4006 1441 4077 in
1458 4008 1585 4081 malam
1605 4025 1744 4116 partem
1761 4030 1822 4116 ac·

1664 4123 1826 4201 „captat

546 4231 595 4314 (a)
622 4228 870 4298 HOTTING.
895 4232 961 4295 loc.
986 4232 1040 4296 cit.
1063 4249 1132 4317 pag.
1151 4248 1224 4315 330,
1250 4249 1321 4316 331.

547 4320 599 4402 (b)
624 4318 718 4386 Hanc
735 4319 807 4387 vita
825 4315 948 4385 Halleri
964 4313 1090 4383 inseruit
1106 4315 1162 4383 ct.
1182 4314 1274 4385 SCH
1311 4316 1513 4388 URERUS
1531 4322 1554 4385 1.
1572 4337 1603 4385 c.
1619 4336 1651 4404 p.
1667 4330 1821 4403 413·417.
