4442 5150
457 632 625 729 disto.
789 626 829 702 R
878 624 910 700 E
960 623 1002 700 N
1052 625 1091 700 O
1141 624 1179 700 V
1229 625 1262 702 A
1311 627 1350 701 Τ
1401 629 1432 704 1.
1701 657 1768 739 ιη

455 783 535 840 tum
565 761 716 862 amplius
742 759 933 850 nolebant,
969 758 1125 853 primum
1146 758 1297 832 habebat
1314 759 1437 849 locum
1456 763 1607 839 antehac
1624 759 1644 838 tl
1663 766 1767 841 nobis'

450 865 526 960 jam
545 861 706 936 laudatus
727 860 775 952 (a)
795 856 925 953 Wolsg.
945 857 1139 946 Wetterus,
1161 859 1220 930 cui
1238 859 1339 930 brevi
1359 859 1460 955 post,
1480 886 1561 933 cum
1580 865 1767 939 accederet

452 963 540 1037 Bm.
566 961 842 1056 Bergomum,
875 956 1027 1050 aliique,
1061 952 1194 1026 fadum
1212 953 1285 1046 est,
1312 975 1352 1027 ut
1372 976 1489 1031 totum
1510 959 1599 1033 illud
1619 959 1765 1035 miffati·

453 1081 538 1131 curn
557 1057 725 1152 deinceps
743 1055 837 1151 apud
858 1050 1097 1149 sangallenses
1114 1051 1274 1124 exularet
1292 1050 1517 1128 sacrificium.

500 1154 666 1229 Unicum
692 1149 780 1226 vero
808 1150 973 1246 estquod
991 1172 1035 1220 ne
1056 1148 1197 1222 filentio
1216 1171 1396 1244 prematur
1414 1151 1559 1225 interest
1578 1153 1763 1249 posterita-

452 1252 521 1347 tis,
545 1253 685 1327 scilicet
710 1247 949 1345 sangallenses
977 1247 1074 1319 cives
1096 1265 1207 1318 tantae
1226 1245 1327 1320 fuille
1342 1272 1427 1357 erga
1445 1274 1616 1347 pauperes
1636 1255 1763 1328 libera·

452 1351 586 1445 litatis,
621 1370 662 1424 ut
688 1371 832 1446 quoque
857 1345 984 1442 suopte
1009 1364 1112 1415 motu
1133 1343 1243 1417 vestes
1262 1347 1451 1440 pretiolas,
1477 1350 1635 1442 inaures,
1660 1352 1764 1448 gem-

452 1447 901 1640 lltzrnl‘illsszsslll
915 1441 1650 1634 llllsslldllltrt‘llllssll'lr
1663 1473 1765 1620 „ll

455 1598 654 1743 pauperuln
681 1663 848 1738 tanquam
875 1637 1101 1734 spontaneam
1129 1637 1305 1732 quandam
1328 1637 1547 1715 oblationem
1565 1641 1763 1718 destinave-

453 1742 553 1815 rintz-
597 1742 731 1837 Neque
766 1733 854 1809 vero
890 1737 995 1808 etiam
1023 1732 1086 1806 suo
1110 1751 1191 1806 tum
1219 1736 1337 1808 deerat
1365 1733 1488 1810 officio
1514 1739 1764 1836 magistratus,

481 1838 592 1934 uippe
610 1839 669 1935 qui
688 1860 760 1909 non
779 1837 896 1907 minus
915 1835 950 1903 in
969 1829 1069 1902 usum
1083 1854 1303 1927 pauperum,
1321 1855 1517 1929 proventus
1529 1837 1764 1911 illosexcon·

372 1965 376 1971 ·
454 1861 738 2009 iraternitatibus
763 1929 967 2010 Pontificiis
992 1928 1250 2022 redundantes,
1286 1931 1493 2025 ordinabat,
1525 1953 1631 2030 atque
1648 1955 1691 2008 ut
1708 1934 1766 2009 su·

453 2031 593 2130 perfluo
616 2031 777 2107 ecclesiae
804 2028 881 2102 vasa
903 2049 1009 2123 atque
1027 2047 1236 2099 ornamenta
1252 2028 1614 2104 eodemreferrentur
1631 2032 1765 2106 consti·

453 2130 599 2205 tuebat:
635 2125 834 2221 Ceterum,
860 2122 1063 2198 Pastoribus
1081 2147 1225 2220 quoque
1244 2145 1322 2198 tum
1342 2125 1642 2222 demandabatur,
1669 2132 1766 2203 utin
1847 2182 1850 2188 ,

452 2226 540 2302 fidei
565 2229 777 2302 veritatibus
805 2224 1040 2298 informarent
1067 2221 1246 2319 religiosas
1273 2224 1428 2320 virgines
1446 2227 1483 2298 in
1502 2227 1539 2299 S.
1557 2225 1764 2302 Catharinae

453 2324 493 2401 δι
518 2325 725 2401 Leonhardi
746 2321 906 2398 claustris
925 2344 1006 2418 quae
1026 2317 1304 2411 delitescebant,
1330 2324 1340 2390 i
1371 2318 1485 2417 fisque
1503 2325 1703 2419 virginibus
1721 2327 1766 2398 li.

452 2422 537 2498 bera
563 2425 647 2497 inde
664 2423 839 2512 exeundi,
866 2440 973 2516 atque
992 2415 1154 2490 habitum
1182 2417 1320 2515 (inepte
1341 2345 1510 2492 lactentis
1528 2418 1663 2494 dietum
1683 2423 1766 2496 reli·

451 2520 611 2622 giosum)
641 2518 834 2592 innovandi
853 2513 1002 2593 dabatur
1020 2513 1189 2613 potestas.
1402 2544 1404 2549 ·

502 2632 535 2704 ι.
554 2617 684 2692 CXII.
711 2618 750 2693 Si
769 2613 855 2691 veri)
874 2616 1061 2713 quisquam
1079 2611 1152 2706 est,
1172 2612 1234 2711 qui
1250 2610 1453 2712 Evangelio
1472 2634 1550 2689 tum
1568 2615 1662 2715 apud
1675 2617 1766 2699 San·

455 2713 638 2789 Gallenses
665 2738 809 2813 quoque
831 2712 1080 2810 promovendo
1099 2711 1274 2784 strenuam
1293 2714 1436 2785 navavit
1453 2737 1621 2810 operam,
1647 2716 1676 2787 is
1694 2713 1766 2790 fuit

454 2815 707 2909 christophorus
736 2809 1186 2902 SCHAPPELERUS,
1236 2809 1298 2906 qui
1333 2810 1371 2885 δι
1401 2814 1570 2888 Sertorius
1598 2835 1765 2885 nonnun-

452 2934 561 3009 quam
581 2911 653 2983 dici
671 2909 811 3001 voluit,
846 2906 1114 2983 San-Gallenfis
1133 2907 1227 3006 ipse,
1253 2908 1429 3007 cujusque
1443 2906 1533 2984 adeo
1552 2910 1765 2985 memoriam

450 3029 492 3085 ut
518 3010 642 3109 paucis
670 3007 899 3100 refricemus,
934 3004 1068 3081 necesse
1093 3006 1168 3101 est,
1202 3008 1364 3103 inprimis
1391 3031 1475 3082 cum
1502 3006 1523 3083 i
1547 3006 1763 3107 quibusdam

450 3105 608 3182 Lutheri
625 3106 924 3199 sedatoribusm)
943 3129 983 3178 ea
1001 3105 1286 3197 commaculata,
1307 3103 1351 3178 stt
1364 3127 1472 3203 atque
1485 3104 1765 3206 graviffimasus·

453 3206 625 3301 picione,
665 3206 760 3303 quasi
791 3229 874 3278 cum
902 3200 1074 3278 seditiofis
1100 3204 1138 3275 in
1165 3204 1360 3277 Germania
1386 3204 1524 3279 rusticis
1551 3202 1763 3297 collufiffet,

480 3326 620 3391 ravata3
644 3305 822 3394 Accedit,
842 3299 938 3398 quod
957 3301 1014 3397 vel
1033 3302 1081 3372 ita
1093 3299 1196 3375 nobis
1208 3301 1285 3373 ansa
1298 3300 1545 3397 suppeditetur
1558 3302 1602 3373 de
1616 3301 1767 3373 MEM-

503 3402 787 3491 INGENSIS,
805 3398 987 3496 praeclarae
997 3397 1092 3491 apud
1105 3398 1241 3470 Suevos
1251 3397 1384 3489 Urbis,
1404 3398 1700 3485 Reformatione‚
1719 3396 1764 3469 de

452 3518 523 3590 qua
539 3496 657 3568 dicere
675 3498 871 3593 quidquam
891 3498 926 3566 in
944 3492 1183 3591 superioribus
1199 3494 1445 3589 negleximus,
1464 3492 1627 3589 quaedam
1644 3490 1764 3584 profe·

451 3591 569 3666 rendi:
584 3588 1765 3762 'ErarChristophorusilleS.S.The010giaetuendarumque

494 3788 544 3867 (a)
569 3784 632 3848 vid.
657 3783 687 3864 §-
707 3784 820 3851 XCll.
883 3808 912 3868 g.
933 3786 1004 3869 246.
1549 3836 1554 3846 .
1703 3711 1747 3763 an

494 3873 547 3950 (b)
573 3870 636 3932 vid.
658 3866 847 3935 LOESCH
881 3872 923 3937 R.
940 3874 973 3936 in
990 3870 1142 3937 stromat.
1159 3892 1189 3956 p.
1201 3866 1273 3933 228.
1296 3867 1353 3953 qui
1369 3864 1498 3931 afferere
1514 3884 1579 3933 non
1595 3868 1767 3954 erubescit,

453 4005 475 4040 ,‚
494 3954 621 4018 Turbae
648 3951 774 4016 rusticas
792 3953 835 4019 A.
848 3974 941 4035 1525.
964 3957 1045 4020 adeo
1058 3956 1225 4023 infeliciter
1242 3954 1273 4017 in
1289 3953 1460 4017 Germania
1476 3952 1630 4017 suscitatas
1648 3952 1766 4038 Senap-

454 4090 475 4124 ,‚
492 4044 600 4125 peleto
617 4036 726 4133 nostro
740 4051 889 4137 tanquam
908 4038 1047 4104 Dodoni
1063 4038 1270 4120 Zwingliano
1287 4037 1430 4121 imputari
1447 4036 1576 4118 debere,
1593 4084 1617 4118 „
1639 4038 1684 4100 uti
1700 4057 1768 4102 non

453 4126 640 4204 defuerunt,
664 4142 746 4220 qur,
777 4140 880 4186 mrnus
904 4136 1010 4186 tamen
1034 4118 1122 4217 recle
1145 4119 1463 4220 eundemuaudlorem
1479 4122 1636 4218 declarare
1651 4123 1767 4218 polue-

454 4222 526 4355 qpnt
550 4204 1168 4375 Xpl.1qqporum3a⁶rtic⁶plopqmriqspqqu
1192 4205 1422 4289 exhibiturum,
1451 4208 1490 4273 de
1513 4207 1626 4291 quibus
1649 4224 1682 4271 ru
1703 4205 1769 4274 boe

488 4308 614 4375 pete.
707 4308 854 4377 .p.1.
929 4307 1062 4375 t.eg
1169 4328 1181 4351 .
