4442 5150
679 631 1531 751 PRAE‘F'ATIO.

443 805 584 947 *fuisse
622 811 861 940 addens,
911 822 963 914 in
1001 813 1089 916 illo
1125 825 1359 961 praecipue
1385 821 1617 961 dogmate
1643 825 1703 929 de
1725 834 1769 933 S.

454 962 609 1058 Coena
624 1032 638 1078 ,
673 953 733 1054 de
761 991 858 1095 quo
883 985 1016 1056 tanta
1040 955 1265 1096 deinceps
1292 998 1402 1062 cum
1430 969 1771 1070 acrimoniadn

452 1091 666 1195 Ecclefiis
692 1092 1060 1196 Protestantium
1086 1091 1151 1193 est
1172 1093 1474 1239 disputatum.
1629 1156 1635 1211 ι

490 1305 493 1310 -
522 1234 703 1333 Pr'outi¹
723 1233 836 1334 huic
874 1233 1028 1334 eidem
1065 1230 1306 1361 sententiae
1342 1237 1612 1380 fiingenud
1636 1241 1770 1385 loqui

450 1371 680 1496 velimus,
709 1388 755 1473 δε
780 1379 1124 1474 PHILIPPUS
1139 1373 1303 1478 Haffiae
1319 1384 1545 1518 Princeps
1560 1388 1771 1521 Magna-

452 1518 644 1635 nimus,
682 1509 737 1646 ξι)·
774 1528 821 1613 &
858 1515 1162 1616 ULRICUS
1196 1521 1309 1614 Dux
1352 1517 1768 1659 Wirtembergiae‚

487 1655 666 1751 rimdm
693 1657 743 1750 in
770 1651 993 1754 Helvetia
1015 1650 1165 1774 Exul,
1203 1652 1427 1794 deinceps
1451 1664 1503 1755 in
1529 1667 1771 1761 Ducatum
1829 1683 1832 1687 ’

450 1684 583 1889 fuum
624 1800 870 1923 A.·15·34.
921 1788 1049 1886 felici
1088 1787 1234 1889 fidere
1269 1793 1538 1919 restitutus,
1588 1797 1702 1895 inde
1740 1803 1774 1899 a:

451 1934 692 2068 principio
725 1935 829 2063 jam
865 1926 1114 2052 faverunt,
1164 1955 1306 2068 atque
1346 1931 1597 2055 cumbis,
1649 1932 1774 2037 aded

450 2067 592 2168 multi
638 2104 843 2192 eorum,
905 2073 987 2206 qui
1025 2073 1194 2204 primae·
1228 2097 1393 2171 tamen
1434 2069 1772 2173 Protestationi

448 2203 602 2443 }unde
638 2210 1238 2310 PROTESTANTIUM
1267 2206 1469 2346 nomen)
1503 2219 1555 2311 in
1582 2218 1772 2350 Spiren-

470 2343 573 2447 1bus
608 2353 831 2448 Comitiis
856 2356 920 2447 A.
942 2381 1090 2478 1529.
1131 2342 1350 2449 exhibitae
1374 2348 1772 2488 subscripserunt,

488 2485 615 2587 uales
652 2485 842 2588 fuerunt
878 2492 1094 2587 civitates
1123 2485 1402 2621 Argentina,
1435 2486 1741 2593 San-Gallum
1752 2566 1774 2613 ,

449 2519 588 2726 dllma
597 2703 614 2752 ,
653 2626 901 2764 Constantia
914 2625 948 2753 ,⁴
968 2624 1269 2763 Memminga.

1671 2774 1778 2866 Cae-

499 2969 537 3056 a)
564 2970 758 3043 Notabilia
791 2967 873 3039 sunt
908 2964 1201 3037 LAMBERTI
1232 2970 1471 3059 Avenionensts
1499 2970 1625 3059 (quem
1654 2981 1778 3040 tamen

453 3065 469 3140 i
495 3063 569 3139 sum
589 3089 756 3162 quoque,
772 3068 902 3138 mirum
922 3060 1043 3133 dina!
1074 3058 1140 3131 fibi
1158 3060 1304 3154 quidam
1323 3063 1507 3133 vindicant
1522 3056 1776 3135 Luthedaffe·

454 3088 573 3256 edm)
606 3164 716 3238 verba
751 3163 788 3233 in
822 3157 986 3255 Epistola
1010 3153 1062 3228 a!
1079 3158 1198 3230 Mart.
1216 3158 1383 3231 Bucerum
1409 3160 1447 3230 in
1472 3155 1616 3231 colle&
1643 3158 1773 3232 Fuessl.

453 3285 491 3336 n.
509 3264 572 3334 ἄν.
598 3287 636 3359 p.
654 3284 715 3356 71.
752 3312 780 3353 „
801 3258 973 3351 Princeps
998 3250 1213 3347 constituit,
1244 3274 1286 3327 ut
1304 3281 1378 3329 non
1398 3255 1529 3328 Adami
1549 3254 1773 3351 (Cratandri)

454 3410 485 3455 „
502 3357 559 3432 sed
576 3358 784 3433 Academiae
797 3353 941 3453 judicio
958 3349 1205 3450 praeficiantur
1223 3351 1415 3447 Ecclefi-is‚
1441 3356 1503 3451 qui
1521 3353 1598 3448 apti
1617 3351 1775 3445 fuerint,

454 3510 484 3551 ‚,
502 3463 622 3532 vetuit
648 3476 773 3531 antem
792 3479 837 3527 ne
861 3452 955 3525 ullus
981 3451 1134 3523 omnino
1160 3450 1352 3549 repellatur
1378 3450 1536 3526 dsando
1554 3449 1778 3544 ministerio,

455 3608 485 3651 „
504 3575 719 3654 propterea,
748 3550 846 3650 quod
865 3552 902 3624 in
920 3550 1072 3646 negotio
1091 3549 1224 3624 Coenae
1243 3573 1325 3622 cum
1346 3550 1513 3622 Luthero
1531 3550 1679 3621 minime
1697 3547 1774 3622 sen·

454 3701 484 3749 „
503 3654 582 3727 tint.
617 3653 780 3726 Vocavit
803 3648 992 3745 aliquoties
1017 3644 1158 3719 seorfim
1186 3672 1308 3721 coram
1328 3646 1361 3721 se
1378 3647 1564 3744 utriu‘sque
1582 3642 1684 3718 senx
1701 3644 1774 3719 fra-

456 3803 486 3847 „
504 3769 599 3846 tres,
633 3752 670 3826 &
695 3774 756 3824 eos
781 3747 826 3822 ad
852 3747 1008 3821 invicem
1034 3743 1239 3840 commifit‚
1272 3746 1364 3819 vicit
1386 3766 1505 3819 autem
1523 3744 1662 3842 semper
1678 3744 1777 3816 veri·

456 3899 487 3946 „
505 3841 579 3943 eas,
606 3849 823 3925 Lutheranis
844 3849 906 3920 vix
924 3842 1233 3943 respondentibus.
1274 3844 1334 3915 Pr'
1363 3868 1447 3941 qeps
1465 3864 1610 3940 quoque
1627 3839 1701 3935 ipse
1718 3842 1775 3913 vi·

455 3999 486 4044 ‚,
502 3950 648 4043 vatius,
681 3969 786 4041 quam
813 3946 875 4045 qui
892 3941 1080 4017 nobiscum
1099 3938 1203 4035 sunt,
1228 3943 1263 4013 in
1282 3868 1365 4037 ipds
1384 3940 1624 4038 congressibus
1642 3940 1776 4011 verita·

456 4095 487 4141 ‚,
504 4064 579 4120 tem
607 4044 797 4138 tuebatur,
831 4046 881 4118 ita
901 4060 949 4115 nt
974 4038 1032 4112 vel
1050 4037 1143 4113 solus
1162 4039 1207 4113 de
1225 4037 1387 4113 hostibus
1405 4035 1637 4137 triumphaffe
1652 4033 1775 4106 videa·

455 4162 577 4242 „tun
620 4142 777 4219 vidisses
809 4162 889 4217 tum
924 4158 1211 4238 propugnatores
1236 4138 1384 4211 humani
1410 4135 1579 4237 figmenti
1604 4153 1779 4228 tanquam

453 4293 484 4338 ‚,
495 4240 797 4317 semidemortuos
815 4240 938 4340 loqui,
964 4237 1060 4313 haud
1075 4235 1197 4334 seem,
1220 4256 1328 4337 etque
1345 4234 1406 4334 hi,
1430 4238 1494 4337 qui
1510 4234 1554 4309 de
1570 4229 1643 4309 suae
1657 4225 1776 4304 ceusae
1893 4245 1896 4262 ·

452 4389 482 4436 „
499 4342 671 4443 aequitate
688 4340 886 4442 desperant.
902 4389 933 4437 ‚,
