<?xml version="1.0" encoding="UTF-8"?>
<!DOCTYPE html PUBLIC "-//W3C//DTD XHTML 1.0 Transitional//EN"
    "http://www.w3.org/TR/xhtml1/DTD/xhtml1-transitional.dtd">
<html xmlns="http://www.w3.org/1999/xhtml" xml:lang="en" lang="en">
 <head>
  <title>
</title>
<meta http-equiv="Content-Type" content="text/html;charset=utf-8" />
  <meta name='ocr-system' content='tesseract 3.04.00' />
  <meta name='ocr-capabilities' content='ocr_page ocr_carea ocr_par ocr_line ocrx_word'/>
</head>
<body>
  <div class='ocr_page' id='page_1' title='image "./introductioinhi01gerdgoog_0414.png"; bbox 0 0 4442 5150; ppageno 0'>
   <div class='ocr_carea' id='block_1_1' title="bbox 454 596 1772 712">
    <p class='ocr_par' dir='ltr' id='par_1_1' title="bbox 454 596 1772 712">
     <span class='ocr_line' id='line_1_1' title="bbox 454 596 1772 712; baseline -0.003 -28"><span class='ocrx_word' id='word_1_1' title='bbox 454 610 523 712; x_wconf 79' lang='lat'>386</span> <span class='ocrx_word' id='word_1_2' title='bbox 641 599 1025 688; x_wconf 78' lang='lat' dir='ltr'>HISTORIA</span> <span class='ocrx_word' id='word_1_3' title='bbox 1068 596 1507 675; x_wconf 79' lang='lat' dir='ltr'><strong>EV&#39;ANGELII</strong></span> <span class='ocrx_word' id='word_1_4' title='bbox 1599 601 1772 701; x_wconf 84' lang='lat' dir='ltr'>A.t529.</span> 
     </span>
    </p>
   </div>
   <div class='ocr_carea' id='block_1_2' title="bbox 452 717 1773 1222">
    <p class='ocr_par' dir='ltr' id='par_1_2' title="bbox 452 717 1773 1222">
     <span class='ocr_line' id='line_1_2' title="bbox 454 717 1772 851; baseline -0.005 -37"><span class='ocrx_word' id='word_1_5' title='bbox 454 742 570 832; x_wconf 89' lang='lat' dir='ltr'>ciem,</span> <span class='ocrx_word' id='word_1_6' title='bbox 588 738 847 851; x_wconf 84' lang='lat' dir='ltr'>monachorum</span> <span class='ocrx_word' id='word_1_7' title='bbox 867 759 996 834; x_wconf 87' lang='lat' dir='ltr'>opera,</span> <span class='ocrx_word' id='word_1_8' title='bbox 1014 717 1082 845; x_wconf 68' lang='lat' dir='ltr'>esse</span> <span class='ocrx_word' id='word_1_9' title='bbox 1100 731 1227 805; x_wconf 88' lang='lat' dir='ltr'>Verbo</span> <span class='ocrx_word' id='word_1_10' title='bbox 1247 732 1321 805; x_wconf 89' lang='lat' dir='ltr'>Dei</span> <span class='ocrx_word' id='word_1_11' title='bbox 1338 733 1529 806; x_wconf 81' lang='lat' dir='ltr'>maximam</span> <span class='ocrx_word' id='word_1_12' title='bbox 1549 755 1688 829; x_wconf 86' lang='lat' dir='ltr'>partem</span> <span class='ocrx_word' id='word_1_13' title='bbox 1706 735 1772 820; x_wconf 83' lang='lat' dir='ltr'>ad-</span> 
     </span>
     <span class='ocr_line' id='line_1_3' title="bbox 452 828 1773 1096; baseline -0.002 -89"><span class='ocrx_word' id='word_1_14' title='bbox 452 838 551 1046; x_wconf 62' lang='lat' dir='ltr'>{sl}</span> <span class='ocrx_word' id='word_1_15' title='bbox 567 828 1440 1096; x_wconf 54' lang='lat' dir='ltr'>’nltrlrllln‘l‘sllnlinlini</span> <span class='ocrx_word' id='word_1_16' title='bbox 1457 852 1615 1023; x_wconf 56' lang='lat' dir='ltr'>artu?</span> <span class='ocrx_word' id='word_1_17' title='bbox 1630 834 1773 1005; x_wconf 57' lang='lat' dir='ltr'>alls</span> 
     </span>
     <span class='ocr_line' id='line_1_4' title="bbox 453 1028 1773 1222; baseline 0.002 -21"><span class='ocrx_word' id='word_1_18' title='bbox 453 1028 1053 1222; x_wconf 46' lang='lat' dir='ltr'>mlllllllllcllcllellssllnssllmclllgltsrnll</span> <span class='ocrx_word' id='word_1_19' title='bbox 1064 1049 1297 1197; x_wconf 56' lang='lat' dir='ltr'>lllnelormatio</span> <span class='ocrx_word' id='word_1_20' title='bbox 1318 1124 1367 1219; x_wconf 88' lang='lat' dir='ltr'>(a)</span> <span class='ocrx_word' id='word_1_21' title='bbox 1395 1124 1593 1221; x_wconf 85' lang='lat' dir='ltr'>plurimum</span> <span class='ocrx_word' id='word_1_22' title='bbox 1622 1129 1695 1201; x_wconf 89' lang='lat' dir='ltr'>toti</span> <span class='ocrx_word' id='word_1_23' title='bbox 1714 1092 1773 1204; x_wconf 83' lang='lat' dir='ltr'>re·</span> 
     </span>
    </p>
   </div>
   <div class='ocr_carea' id='block_1_3' title="bbox 441 1220 1805 2987">
    <p class='ocr_par' dir='ltr' id='par_1_3' title="bbox 453 1220 1770 1325">
     <span class='ocr_line' id='line_1_5' title="bbox 453 1220 1770 1325; baseline 0.002 -27"><span class='ocrx_word' id='word_1_24' title='bbox 453 1227 556 1325; x_wconf 87' lang='lat' dir='ltr'>gioni</span> <span class='ocrx_word' id='word_1_25' title='bbox 584 1226 857 1322; x_wconf 76' lang='lat' dir='ltr'>circumjacenti</span> <span class='ocrx_word' id='word_1_26' title='bbox 880 1222 1043 1319; x_wconf 83' lang='lat' dir='ltr'><strong>profuit,</strong></span> <span class='ocrx_word' id='word_1_27' title='bbox 1078 1222 1150 1294; x_wconf 93' lang='lat' dir='ltr'>hoc</span> <span class='ocrx_word' id='word_1_28' title='bbox 1178 1246 1293 1313; x_wconf 89' lang='lat' dir='ltr'>anno,</span> <span class='ocrx_word' id='word_1_29' title='bbox 1317 1246 1390 1293; x_wconf 89' lang='lat' dir='ltr'>non</span> <span class='ocrx_word' id='word_1_30' title='bbox 1408 1220 1583 1300; x_wconf 74' lang='lat' dir='ltr'>doslriuae</span> <span class='ocrx_word' id='word_1_31' title='bbox 1603 1245 1770 1324; x_wconf 88' lang='lat' dir='ltr'>tantum,</span> 
     </span>
    </p>

    <p class='ocr_par' dir='ltr' id='par_1_4' title="bbox 451 1317 1771 1417">
     <span class='ocr_line' id='line_1_6' title="bbox 451 1317 1771 1417; baseline 0.002 -20"><span class='ocrx_word' id='word_1_32' title='bbox 451 1325 510 1397; x_wconf 86' lang='lat' dir='ltr'>sed</span> <span class='ocrx_word' id='word_1_33' title='bbox 545 1324 582 1399; x_wconf 90' lang='lat'>&amp;</span> <span class='ocrx_word' id='word_1_34' title='bbox 615 1323 775 1398; x_wconf 85' lang='lat' dir='ltr'>moribus</span> <span class='ocrx_word' id='word_1_35' title='bbox 800 1320 1033 1395; x_wconf 84' lang='lat' dir='ltr'>reformandis</span> <span class='ocrx_word' id='word_1_36' title='bbox 1059 1318 1228 1417; x_wconf 87' lang='lat' dir='ltr'>exemplo</span> <span class='ocrx_word' id='word_1_37' title='bbox 1254 1317 1489 1393; x_wconf 81' lang='lat' dir='ltr'>laudatissimo</span> <span class='ocrx_word' id='word_1_38' title='bbox 1516 1321 1771 1417; x_wconf 85' lang='lat' dir='ltr'>impenderunt</span> 
     </span>
    </p>

    <p class='ocr_par' dir='ltr' id='par_1_5' title="bbox 453 1416 1773 1517">
     <span class='ocr_line' id='line_1_7' title="bbox 453 1416 1773 1517; baseline 0.005 -23"><span class='ocrx_word' id='word_1_39' title='bbox 453 1444 622 1516; x_wconf 84' lang='lat' dir='ltr'>opernm,</span> <span class='ocrx_word' id='word_1_40' title='bbox 654 1444 809 1517; x_wconf 83' lang='lat' dir='ltr'>eumque</span> <span class='ocrx_word' id='word_1_41' title='bbox 828 1422 864 1490; x_wconf 93' lang='lat' dir='ltr'>in</span> <span class='ocrx_word' id='word_1_42' title='bbox 883 1418 991 1490; x_wconf 88' lang='lat' dir='ltr'>finem</span> <span class='ocrx_word' id='word_1_43' title='bbox 1011 1417 1069 1489; x_wconf 88' lang='lat' dir='ltr'>die</span> <span class='ocrx_word' id='word_1_44' title='bbox 1087 1417 1219 1489; x_wconf 84' lang='lat' dir='ltr'>Martis</span> <span class='ocrx_word' id='word_1_45' title='bbox 1235 1416 1316 1513; x_wconf 90' lang='lat' dir='ltr'>post</span> <span class='ocrx_word' id='word_1_46' title='bbox 1335 1417 1462 1490; x_wconf 86' lang='lat' dir='ltr'>festum</span> <span class='ocrx_word' id='word_1_47' title='bbox 1482 1419 1773 1500; x_wconf 71' lang='lat' dir='ltr'>Resurrectionis</span> 
     </span>
    </p>

    <p class='ocr_par' dir='ltr' id='par_1_6' title="bbox 455 1514 1770 1614">
     <span class='ocr_line' id='line_1_8' title="bbox 455 1514 1770 1614; baseline 0.002 -22"><span class='ocrx_word' id='word_1_48' title='bbox 455 1519 614 1613; x_wconf 87' lang='lat' dir='ltr'>Christi,</span> <span class='ocrx_word' id='word_1_49' title='bbox 648 1516 811 1592; x_wconf 85' lang='lat' dir='ltr'>adversus</span> <span class='ocrx_word' id='word_1_50' title='bbox 837 1516 1046 1590; x_wconf 89' lang='lat' dir='ltr'>ebrietatem</span> <span class='ocrx_word' id='word_1_51' title='bbox 1075 1515 1112 1589; x_wconf 89' lang='lat'>&amp;</span> <span class='ocrx_word' id='word_1_52' title='bbox 1130 1514 1284 1587; x_wconf 88' lang='lat' dir='ltr'>nominis</span> <span class='ocrx_word' id='word_1_53' title='bbox 1302 1514 1415 1587; x_wconf 89' lang='lat' dir='ltr'>divini</span> <span class='ocrx_word' id='word_1_54' title='bbox 1435 1519 1471 1588; x_wconf 93' lang='lat' dir='ltr'>in</span> <span class='ocrx_word' id='word_1_55' title='bbox 1484 1518 1695 1614; x_wconf 88' lang='lat' dir='ltr'>juramentis</span> <span class='ocrx_word' id='word_1_56' title='bbox 1714 1540 1770 1595; x_wconf 89' lang='lat' dir='ltr'>te·</span> 
     </span>
    </p>

    <p class='ocr_par' dir='ltr' id='par_1_7' title="bbox 452 1611 1773 1709">
     <span class='ocr_line' id='line_1_9' title="bbox 452 1611 1773 1709; baseline 0.003 -20"><span class='ocrx_word' id='word_1_57' title='bbox 452 1619 612 1689; x_wconf 85' lang='lat' dir='ltr'>merariis</span> <span class='ocrx_word' id='word_1_58' title='bbox 635 1615 805 1707; x_wconf 90' lang='lat' dir='ltr'>abusum,</span> <span class='ocrx_word' id='word_1_59' title='bbox 839 1611 1011 1686; x_wconf 71' lang='lat' dir='ltr'>Edi&amp;um</span> <span class='ocrx_word' id='word_1_60' title='bbox 1039 1612 1295 1708; x_wconf 83' lang='lat' dir='ltr'>publicarunt,</span> <span class='ocrx_word' id='word_1_61' title='bbox 1332 1615 1436 1709; x_wconf 83' lang='lat' dir='ltr'>cujus</span> <span class='ocrx_word' id='word_1_62' title='bbox 1458 1614 1720 1705; x_wconf 85' lang='lat' dir='ltr'>exordiumita</span> <span class='ocrx_word' id='word_1_63' title='bbox 1737 1622 1773 1694; x_wconf 85' lang='lat' dir='ltr'>se</span> 
     </span>
    </p>

    <p class='ocr_par' dir='ltr' id='par_1_8' title="bbox 450 1708 1773 1812">
     <span class='ocr_line' id='line_1_10' title="bbox 450 1708 1773 1812; baseline 0.001 -24"><span class='ocrx_word' id='word_1_64' title='bbox 450 1712 583 1788; x_wconf 83' lang='lat' dir='ltr'>habet:</span> <span class='ocrx_word' id='word_1_65' title='bbox 612 1765 638 1807; x_wconf 95' lang='lat'>,‚</span> <span class='ocrx_word' id='word_1_66' title='bbox 658 1715 754 1789; x_wconf 91' lang='lat' dir='ltr'>Cum</span> <span class='ocrx_word' id='word_1_67' title='bbox 774 1735 997 1809; x_wconf 79' lang='lat' dir='ltr'>unaquaeque</span> <span class='ocrx_word' id='word_1_68' title='bbox 1014 1708 1174 1784; x_wconf 91' lang='lat' dir='ltr'>Potestas</span> <span class='ocrx_word' id='word_1_69' title='bbox 1191 1710 1352 1807; x_wconf 83' lang='lat' dir='ltr'>superior</span> <span class='ocrx_word' id='word_1_70' title='bbox 1369 1710 1390 1782; x_wconf 71' lang='lat' dir='ltr'>a</span> <span class='ocrx_word' id='word_1_71' title='bbox 1405 1712 1488 1784; x_wconf 86' lang='lat' dir='ltr'>Deo</span> <span class='ocrx_word' id='word_1_72' title='bbox 1500 1710 1773 1812; x_wconf 85' lang='lat' dir='ltr'>fitconstituta,</span> 
     </span>
    </p>

    <p class='ocr_par' dir='ltr' id='par_1_9' title="bbox 450 1805 1771 1906">
     <span class='ocr_line' id='line_1_11' title="bbox 450 1805 1771 1906; baseline 0.005 -22"><span class='ocrx_word' id='word_1_73' title='bbox 450 1832 540 1906; x_wconf 88' lang='lat' dir='ltr'>„ut</span> <span class='ocrx_word' id='word_1_74' title='bbox 564 1811 701 1885; x_wconf 91' lang='lat' dir='ltr'>bonum</span> <span class='ocrx_word' id='word_1_75' title='bbox 731 1830 899 1901; x_wconf 86' lang='lat' dir='ltr'>tueatur,</span> <span class='ocrx_word' id='word_1_76' title='bbox 932 1809 1060 1903; x_wconf 90' lang='lat' dir='ltr'>puniat</span> <span class='ocrx_word' id='word_1_77' title='bbox 1086 1805 1175 1881; x_wconf 79' lang='lat' dir='ltr'>vero</span> <span class='ocrx_word' id='word_1_78' title='bbox 1202 1808 1360 1902; x_wconf 91' lang='lat' dir='ltr'>malum,</span> <span class='ocrx_word' id='word_1_79' title='bbox 1394 1828 1473 1881; x_wconf 91' lang='lat' dir='ltr'>tum</span> <span class='ocrx_word' id='word_1_80' title='bbox 1499 1810 1605 1884; x_wconf 85' lang='lat' dir='ltr'>nobis</span> <span class='ocrx_word' id='word_1_81' title='bbox 1631 1811 1668 1886; x_wconf 88' lang='lat' dir='ltr'>id</span> <span class='ocrx_word' id='word_1_82' title='bbox 1686 1834 1771 1890; x_wconf 86' lang='lat' dir='ltr'>ante</span> 
     </span>
    </p>

    <p class='ocr_par' dir='ltr' id='par_1_10' title="bbox 452 1904 1772 2011">
     <span class='ocr_line' id='line_1_12' title="bbox 452 1904 1772 2011; baseline 0.004 -29"><span class='ocrx_word' id='word_1_83' title='bbox 452 1910 620 2003; x_wconf 88' lang='lat' dir='ltr'>„omnia</span> <span class='ocrx_word' id='word_1_84' title='bbox 651 1910 853 1997; x_wconf 88' lang='lat' dir='ltr'>convenit,</span> <span class='ocrx_word' id='word_1_85' title='bbox 895 1905 1089 1977; x_wconf 91' lang='lat' dir='ltr'>christiano</span> <span class='ocrx_word' id='word_1_86' title='bbox 1125 1904 1415 2002; x_wconf 84' lang='lat' dir='ltr'>magistratui&amp;</span> <span class='ocrx_word' id='word_1_87' title='bbox 1443 1905 1615 2004; x_wconf 85' lang='lat' dir='ltr'>supremis</span> <span class='ocrx_word' id='word_1_88' title='bbox 1640 1913 1772 2011; x_wconf 80' lang='lat' dir='ltr'>populi</span> 
     </span>
    </p>

    <p class='ocr_par' dir='ltr' id='par_1_11' title="bbox 452 1999 1771 2106">
     <span class='ocr_line' id='line_1_13' title="bbox 452 1999 1771 2106; baseline 0.003 -27"><span class='ocrx_word' id='word_1_89' title='bbox 452 2057 480 2101; x_wconf 88' lang='lat'>,‚</span> <span class='ocrx_word' id='word_1_90' title='bbox 500 2005 683 2079; x_wconf 87' lang='lat' dir='ltr'>christiani</span> <span class='ocrx_word' id='word_1_91' title='bbox 700 2002 931 2095; x_wconf 72' lang='lat' dir='ltr'>dusloribus,</span> <span class='ocrx_word' id='word_1_92' title='bbox 956 2002 999 2074; x_wconf 85' lang='lat' dir='ltr'>ad</span> <span class='ocrx_word' id='word_1_93' title='bbox 1018 2000 1307 2098; x_wconf 88' lang='lat' dir='ltr'>amplificandam</span> <span class='ocrx_word' id='word_1_94' title='bbox 1327 2004 1401 2077; x_wconf 84' lang='lat' dir='ltr'>Dei</span> <span class='ocrx_word' id='word_1_95' title='bbox 1418 2006 1594 2104; x_wconf 83' lang='lat' dir='ltr'>gloriam,</span> <span class='ocrx_word' id='word_1_96' title='bbox 1619 2009 1663 2083; x_wconf 84' lang='lat' dir='ltr'>ad</span> <span class='ocrx_word' id='word_1_97' title='bbox 1680 1999 1771 2106; x_wconf 87' lang='lat' dir='ltr'>pro·</span> 
     </span>
    </p>

    <p class='ocr_par' dir='ltr' id='par_1_12' title="bbox 450 2098 1805 2400">
     <span class='ocr_line' id='line_1_14' title="bbox 450 2098 1785 2204; baseline 0.006 -30"><span class='ocrx_word' id='word_1_98' title='bbox 450 2153 482 2197; x_wconf 90' lang='lat'>,‚</span> <span class='ocrx_word' id='word_1_99' title='bbox 501 2103 698 2201; x_wconf 85' lang='lat' dir='ltr'>pagandam</span> <span class='ocrx_word' id='word_1_100' title='bbox 723 2125 865 2175; x_wconf 88' lang='lat' dir='ltr'>morum</span> <span class='ocrx_word' id='word_1_101' title='bbox 890 2100 1132 2192; x_wconf 88' lang='lat' dir='ltr'>honestatem,</span> <span class='ocrx_word' id='word_1_102' title='bbox 1167 2098 1279 2198; x_wconf 69' lang='lat' dir='ltr'>porri)</span> <span class='ocrx_word' id='word_1_103' title='bbox 1303 2102 1347 2174; x_wconf 94' lang='lat' dir='ltr'>ad</span> <span class='ocrx_word' id='word_1_104' title='bbox 1367 2100 1628 2179; x_wconf 68' lang='lat' dir='ltr'>correffionem</span> <span class='ocrx_word' id='word_1_105' title='bbox 1645 2105 1785 2204; x_wconf 65' lang='lat' dir='ltr'>primo,</span> 
     </span>
     <span class='ocr_line' id='line_1_15' title="bbox 451 2193 1805 2298; baseline 0.009 -24"><span class='ocrx_word' id='word_1_106' title='bbox 451 2252 481 2295; x_wconf 91' lang='lat'>„</span> <span class='ocrx_word' id='word_1_107' title='bbox 500 2202 643 2296; x_wconf 90' lang='lat' dir='ltr'>quidem</span> <span class='ocrx_word' id='word_1_108' title='bbox 663 2200 775 2274; x_wconf 88' lang='lat' dir='ltr'>nostri</span> <span class='ocrx_word' id='word_1_109' title='bbox 793 2199 973 2298; x_wconf 88' lang='lat' dir='ltr'>ipsorum,</span> <span class='ocrx_word' id='word_1_110' title='bbox 992 2199 1074 2272; x_wconf 91' lang='lat' dir='ltr'>dein</span> <span class='ocrx_word' id='word_1_111' title='bbox 1093 2193 1180 2271; x_wconf 75' lang='lat' dir='ltr'>vero</span> <span class='ocrx_word' id='word_1_112' title='bbox 1199 2200 1306 2272; x_wconf 91' lang='lat' dir='ltr'>etiam</span> <span class='ocrx_word' id='word_1_113' title='bbox 1325 2198 1549 2277; x_wconf 91' lang='lat' dir='ltr'>subditorum</span> <span class='ocrx_word' id='word_1_114' title='bbox 1565 2201 1772 2282; x_wconf 85' lang='lat' dir='ltr'>nostrorum</span> <span class='ocrx_word' id='word_1_115' title='bbox 1803 2282 1805 2287; x_wconf 88' lang='grc'><em>,</em></span> 
     </span>
     <span class='ocr_line' id='line_1_16' title="bbox 452 2292 1773 2400; baseline 0.004 -27"><span class='ocrx_word' id='word_1_116' title='bbox 452 2349 481 2394; x_wconf 84' lang='grc'>,,</span> <span class='ocrx_word' id='word_1_117' title='bbox 498 2300 573 2374; x_wconf 74' lang='lat' dir='ltr'>&amp;o</span> <span class='ocrx_word' id='word_1_118' title='bbox 606 2300 694 2399; x_wconf 90' lang='lat' dir='ltr'>quin</span> <span class='ocrx_word' id='word_1_119' title='bbox 721 2302 796 2372; x_wconf 91' lang='lat' dir='ltr'>imo</span> <span class='ocrx_word' id='word_1_120' title='bbox 823 2292 1002 2372; x_wconf 86' lang='lat' dir='ltr'>neceslitaa</span> <span class='ocrx_word' id='word_1_121' title='bbox 1028 2296 1065 2369; x_wconf 93' lang='lat' dir='ltr'>id</span> <span class='ocrx_word' id='word_1_122' title='bbox 1083 2294 1290 2393; x_wconf 86' lang='lat' dir='ltr'>efflagitat,</span> <span class='ocrx_word' id='word_1_123' title='bbox 1305 2318 1347 2371; x_wconf 88' lang='lat' dir='ltr'>ut</span> <span class='ocrx_word' id='word_1_124' title='bbox 1364 2299 1529 2375; x_wconf 86' lang='lat' dir='ltr'>adversus</span> <span class='ocrx_word' id='word_1_125' title='bbox 1546 2300 1773 2400; x_wconf 76' lang='lat' dir='ltr'>blasphemos</span> 
     </span>
    </p>

    <p class='ocr_par' dir='ltr' id='par_1_13' title="bbox 452 2395 1773 2498">
     <span class='ocr_line' id='line_1_17' title="bbox 452 2395 1773 2498; baseline 0.002 -26"><span class='ocrx_word' id='word_1_126' title='bbox 452 2434 484 2492; x_wconf 84' lang='lat'>‚·,</span> <span class='ocrx_word' id='word_1_127' title='bbox 501 2398 575 2473; x_wconf 68' lang='grc' dir='ltr'>δίε.</span> <span class='ocrx_word' id='word_1_128' title='bbox 593 2448 621 2491; x_wconf 88' lang='grc'>,,</span> <span class='ocrx_word' id='word_1_129' title='bbox 673 2397 737 2471; x_wconf 87' lang='lat' dir='ltr'>Ne</span> <span class='ocrx_word' id='word_1_130' title='bbox 758 2398 834 2495; x_wconf 91' lang='lat' dir='ltr'>jam</span> <span class='ocrx_word' id='word_1_131' title='bbox 860 2398 958 2470; x_wconf 86' lang='lat' dir='ltr'>varia</span> <span class='ocrx_word' id='word_1_132' title='bbox 981 2395 1048 2468; x_wconf 89' lang='lat' dir='ltr'>alia</span> <span class='ocrx_word' id='word_1_133' title='bbox 1074 2418 1400 2471; x_wconf 77' lang='lat' dir='ltr'>commemoremus</span> <span class='ocrx_word' id='word_1_134' title='bbox 1425 2398 1543 2474; x_wconf 64' lang='lat' dir='ltr'>edicta</span> <span class='ocrx_word' id='word_1_135' title='bbox 1560 2396 1582 2472; x_wconf 74' lang='grc' dir='ltr'>ὲ</span> <span class='ocrx_word' id='word_1_136' title='bbox 1598 2401 1636 2474; x_wconf 82' lang='grc'>8.</span> <span class='ocrx_word' id='word_1_137' title='bbox 1653 2401 1697 2474; x_wconf 90' lang='lat' dir='ltr'>P.</span> <span class='ocrx_word' id='word_1_138' title='bbox 1715 2401 1773 2498; x_wconf 80' lang='lat' dir='ltr'>Q</span> 
     </span>
    </p>

    <p class='ocr_par' dir='ltr' id='par_1_14' title="bbox 451 2490 1772 2593">
     <span class='ocr_line' id='line_1_18' title="bbox 451 2490 1772 2593; baseline 0.004 -24"><span class='ocrx_word' id='word_1_139' title='bbox 451 2494 622 2569; x_wconf 84' lang='lat' dir='ltr'>Bemenfi</span> <span class='ocrx_word' id='word_1_140' title='bbox 650 2515 729 2569; x_wconf 89' lang='lat' dir='ltr'>tum</span> <span class='ocrx_word' id='word_1_141' title='bbox 758 2496 815 2569; x_wconf 89' lang='lat' dir='ltr'>vel</span> <span class='ocrx_word' id='word_1_142' title='bbox 842 2495 886 2568; x_wconf 84' lang='lat' dir='ltr'>ad</span> <span class='ocrx_word' id='word_1_143' title='bbox 912 2492 1170 2567; x_wconf 85' lang='lat' dir='ltr'>refraenandam</span> <span class='ocrx_word' id='word_1_144' title='bbox 1189 2490 1502 2593; x_wconf 85' lang='lat' dir='ltr'>superstitionem,</span> <span class='ocrx_word' id='word_1_145' title='bbox 1529 2497 1588 2572; x_wconf 75' lang='lat' dir='ltr'>&#39;vel</span> <span class='ocrx_word' id='word_1_146' title='bbox 1605 2497 1649 2572; x_wconf 88' lang='lat' dir='ltr'>ad</span> <span class='ocrx_word' id='word_1_147' title='bbox 1668 2524 1772 2573; x_wconf 91' lang='lat' dir='ltr'>com-</span> 
     </span>
    </p>

    <p class='ocr_par' dir='ltr' id='par_1_15' title="bbox 451 2592 1773 2692">
     <span class='ocr_line' id='line_1_19' title="bbox 451 2592 1773 2692; baseline 0.005 -25"><span class='ocrx_word' id='word_1_148' title='bbox 451 2593 662 2691; x_wconf 78' lang='lat' dir='ltr'>pescendam</span> <span class='ocrx_word' id='word_1_149' title='bbox 690 2593 922 2686; x_wconf 85' lang='lat' dir='ltr'>violentiam,</span> <span class='ocrx_word' id='word_1_150' title='bbox 956 2592 1014 2665; x_wconf 88' lang='lat' dir='ltr'>vel</span> <span class='ocrx_word' id='word_1_151' title='bbox 1041 2594 1083 2665; x_wconf 92' lang='lat' dir='ltr'>ad</span> <span class='ocrx_word' id='word_1_152' title='bbox 1110 2596 1392 2688; x_wconf 84' lang='lat' dir='ltr'>promovendam</span> <span class='ocrx_word' id='word_1_153' title='bbox 1411 2619 1538 2692; x_wconf 87' lang='lat' dir='ltr'>pacem</span> <span class='ocrx_word' id='word_1_154' title='bbox 1558 2596 1596 2670; x_wconf 87' lang='lat'>&amp;</span> <span class='ocrx_word' id='word_1_155' title='bbox 1616 2623 1773 2678; x_wconf 75' lang='lat' dir='ltr'>concon·</span> 
     </span>
    </p>

    <p class='ocr_par' dir='ltr' id='par_1_16' title="bbox 441 2690 1775 2790">
     <span class='ocr_line' id='line_1_20' title="bbox 441 2690 1775 2790; baseline 0.005 -26"><span class='ocrx_word' id='word_1_156' title='bbox 441 2690 549 2790; x_wconf 65' lang='lat' dir='ltr'>¹diam</span> <span class='ocrx_word' id='word_1_157' title='bbox 577 2713 762 2785; x_wconf 89' lang='lat' dir='ltr'>mutuam,</span> <span class='ocrx_word' id='word_1_158' title='bbox 796 2692 855 2766; x_wconf 88' lang='lat' dir='ltr'>vel</span> <span class='ocrx_word' id='word_1_159' title='bbox 881 2692 924 2763; x_wconf 92' lang='lat' dir='ltr'>ad</span> <span class='ocrx_word' id='word_1_160' title='bbox 950 2690 1211 2766; x_wconf 70' lang='lat' dir='ltr'>correctionem</span> <span class='ocrx_word' id='word_1_161' title='bbox 1231 2693 1405 2767; x_wconf 82' lang='lat' dir='ltr'>vitiorum</span> <span class='ocrx_word' id='word_1_162' title='bbox 1425 2694 1500 2788; x_wconf 92' lang='lat' dir='ltr'>(b),</span> <span class='ocrx_word' id='word_1_163' title='bbox 1525 2693 1584 2767; x_wconf 83' lang='lat' dir='ltr'>vel</span> <span class='ocrx_word' id='word_1_164' title='bbox 1603 2695 1647 2769; x_wconf 83' lang='lat' dir='ltr'>ad</span> <span class='ocrx_word' id='word_1_165' title='bbox 1665 2695 1775 2770; x_wconf 83' lang='lat' dir='ltr'>stabi·</span> 
     </span>
    </p>

    <p class='ocr_par' dir='ltr' id='par_1_17' title="bbox 451 2787 1774 2893">
     <span class='ocr_line' id='line_1_21' title="bbox 451 2787 1774 2893; baseline 0.004 -29"><span class='ocrx_word' id='word_1_166' title='bbox 451 2789 607 2865; x_wconf 85' lang='lat' dir='ltr'>liendam</span> <span class='ocrx_word' id='word_1_167' title='bbox 626 2791 850 2891; x_wconf 87' lang='lat' dir='ltr'>disciplinam</span> <span class='ocrx_word' id='word_1_168' title='bbox 866 2787 1142 2862; x_wconf 81' lang='lat' dir='ltr'>ecclesiasticam</span> <span class='ocrx_word' id='word_1_169' title='bbox 1161 2813 1246 2863; x_wconf 92' lang='lat' dir='ltr'>cum</span> <span class='ocrx_word' id='word_1_170' title='bbox 1265 2791 1302 2863; x_wconf 92' lang='lat' dir='ltr'>in</span> <span class='ocrx_word' id='word_1_171' title='bbox 1320 2792 1504 2873; x_wconf 77' lang='lat' dir='ltr'>urbetum</span> <span class='ocrx_word' id='word_1_172' title='bbox 1523 2792 1561 2866; x_wconf 90' lang='lat' dir='ltr'>in</span> <span class='ocrx_word' id='word_1_173' title='bbox 1579 2816 1692 2893; x_wconf 87' lang='lat' dir='ltr'>agro,</span> <span class='ocrx_word' id='word_1_174' title='bbox 1719 2794 1774 2871; x_wconf 81' lang='lat' dir='ltr'>sa·</span> 
     </span>
    </p>

    <p class='ocr_par' dir='ltr' id='par_1_18' title="bbox 454 2885 1202 2987">
     <span class='ocr_line' id='line_1_22' title="bbox 454 2885 1202 2987; baseline -0.004 -25"><span class='ocrx_word' id='word_1_175' title='bbox 454 2891 611 2981; x_wconf 72' lang='lat' dir='ltr'>aientia,</span> <span class='ocrx_word' id='word_1_176' title='bbox 637 2914 718 2987; x_wconf 76' lang='lat' dir='ltr'>qua:</span> <span class='ocrx_word' id='word_1_177' title='bbox 737 2891 887 2984; x_wconf 86' lang='lat' dir='ltr'>longum</span> <span class='ocrx_word' id='word_1_178' title='bbox 906 2885 992 2959; x_wconf 82' lang='lat' dir='ltr'>esset</span> <span class='ocrx_word' id='word_1_179' title='bbox 1011 2886 1202 2962; x_wconf 87' lang='lat' dir='ltr'>recensere.</span> 
     </span>
    </p>
   </div>
   <div class='ocr_carea' id='block_1_4' title="bbox 502 2984 1771 3082">
    <p class='ocr_par' dir='ltr' id='par_1_19' title="bbox 502 2984 1771 3082">
     <span class='ocr_line' id='line_1_23' title="bbox 502 2984 1771 3082; baseline 0.004 -26"><span class='ocrx_word' id='word_1_180' title='bbox 502 2987 615 3082; x_wconf 88' lang='lat' dir='ltr'>Apud</span> <span class='ocrx_word' id='word_1_181' title='bbox 646 2984 1059 3059; x_wconf 85' lang='lat' dir='ltr'>GLARONENSES</span> <span class='ocrx_word' id='word_1_182' title='bbox 1086 2986 1206 3059; x_wconf 82' lang='lat' dir='ltr'>turba:</span> <span class='ocrx_word' id='word_1_183' title='bbox 1234 3008 1316 3082; x_wconf 83' lang='lat' dir='ltr'>quae</span> <span class='ocrx_word' id='word_1_184' title='bbox 1342 2984 1425 3057; x_wconf 90' lang='lat' dir='ltr'>inde</span> <span class='ocrx_word' id='word_1_185' title='bbox 1451 2985 1496 3057; x_wconf 89' lang='lat' dir='ltr'>ab</span> <span class='ocrx_word' id='word_1_186' title='bbox 1522 2986 1643 3081; x_wconf 84' lang='lat' dir='ltr'>aliquo</span> <span class='ocrx_word' id='word_1_187' title='bbox 1674 3006 1771 3061; x_wconf 87' lang='lat' dir='ltr'>tern-</span> 
     </span>
    </p>
   </div>
   <div class='ocr_carea' id='block_1_5' title="bbox 328 3080 1775 3182">
    <p class='ocr_par' dir='ltr' id='par_1_20' title="bbox 328 3080 1775 3182">
     <span class='ocr_line' id='line_1_24' title="bbox 328 3080 1775 3182; baseline 0.003 -28"><span class='ocrx_word' id='word_1_188' title='bbox 328 3128 334 3141; x_wconf 90' lang='lat'><strong>·</strong></span> <span class='ocrx_word' id='word_1_189' title='bbox 452 3103 543 3181; x_wconf 86' lang='lat' dir='ltr'>pore</span> <span class='ocrx_word' id='word_1_190' title='bbox 560 3084 697 3157; x_wconf 81' lang='lat' dir='ltr'>animoa</span> <span class='ocrx_word' id='word_1_191' title='bbox 711 3102 896 3157; x_wconf 85' lang='lat' dir='ltr'>tenuerant</span> <span class='ocrx_word' id='word_1_192' title='bbox 907 3081 1038 3156; x_wconf 88' lang='lat' dir='ltr'>divisos</span> <span class='ocrx_word' id='word_1_193' title='bbox 1049 3083 1315 3156; x_wconf 85' lang='lat' dir='ltr'>hocannocum</span> <span class='ocrx_word' id='word_1_194' title='bbox 1327 3080 1680 3180; x_wconf 82' lang='lat' dir='ltr'>priusessentsopitae</span> <span class='ocrx_word' id='word_1_195' title='bbox 1692 3086 1775 3182; x_wconf 87' lang='lat' dir='ltr'>(c),</span> 
     </span>
    </p>
   </div>
   <div class='ocr_carea' id='block_1_6' title="bbox 452 3176 1775 3947">
    <p class='ocr_par' dir='ltr' id='par_1_21' title="bbox 452 3176 1775 3678">
     <span class='ocr_line' id='line_1_25' title="bbox 453 3176 1774 3280; baseline 0.002 -23"><span class='ocrx_word' id='word_1_196' title='bbox 453 3180 579 3257; x_wconf 86' lang='lat' dir='ltr'>deinee</span> <span class='ocrx_word' id='word_1_197' title='bbox 649 3182 692 3255; x_wconf 92' lang='lat' dir='ltr'>ad</span> <span class='ocrx_word' id='word_1_198' title='bbox 719 3182 904 3280; x_wconf 87' lang='lat' dir='ltr'>religionis</span> <span class='ocrx_word' id='word_1_199' title='bbox 929 3183 1117 3279; x_wconf 82' lang='lat' dir='ltr'>negotium</span> <span class='ocrx_word' id='word_1_200' title='bbox 1138 3180 1329 3279; x_wconf 87' lang='lat' dir='ltr'>prudentia</span> <span class='ocrx_word' id='word_1_201' title='bbox 1345 3176 1494 3278; x_wconf 86' lang='lat' dir='ltr'>quadam</span> <span class='ocrx_word' id='word_1_202' title='bbox 1512 3182 1774 3260; x_wconf 86' lang='lat' dir='ltr'>moderandum</span> 
     </span>
     <span class='ocr_line' id='line_1_26' title="bbox 452 3276 1775 3378; baseline 0.004 -25"><span class='ocrx_word' id='word_1_203' title='bbox 452 3301 566 3378; x_wconf 86' lang='lat' dir='ltr'>proce</span> <span class='ocrx_word' id='word_1_204' title='bbox 595 3304 654 3353; x_wconf 84' lang='lat' dir='ltr'>um</span> <span class='ocrx_word' id='word_1_205' title='bbox 674 3280 747 3374; x_wconf 91' lang='lat' dir='ltr'>est,</span> <span class='ocrx_word' id='word_1_206' title='bbox 772 3303 878 3375; x_wconf 89' lang='lat' dir='ltr'>atque</span> <span class='ocrx_word' id='word_1_207' title='bbox 895 3282 1054 3353; x_wconf 91' lang='lat' dir='ltr'>unanimi</span> <span class='ocrx_word' id='word_1_208' title='bbox 1071 3279 1147 3353; x_wconf 73' lang='lat' dir='ltr'>fere</span> <span class='ocrx_word' id='word_1_209' title='bbox 1167 3278 1318 3353; x_wconf 83' lang='lat' dir='ltr'>consilio</span> <span class='ocrx_word' id='word_1_210' title='bbox 1336 3276 1551 3367; x_wconf 68' lang='lat' dir='ltr'>definitum</span> <span class='ocrx_word' id='word_1_211' title='bbox 1572 3284 1701 3377; x_wconf 71' lang='lat' dir='ltr'>primi,</span> <span class='ocrx_word' id='word_1_212' title='bbox 1727 3306 1775 3358; x_wconf 85' lang='lat' dir='ltr'>ne</span> 
     </span>
     <span class='ocr_line' id='line_1_27' title="bbox 454 3376 1771 3479; baseline 0.002 -27"><span class='ocrx_word' id='word_1_213' title='bbox 454 3380 535 3477; x_wconf 88' lang='lat' dir='ltr'>quis</span> <span class='ocrx_word' id='word_1_214' title='bbox 561 3382 598 3453; x_wconf 92' lang='lat' dir='ltr'>in</span> <span class='ocrx_word' id='word_1_215' title='bbox 624 3381 714 3454; x_wconf 87' lang='lat' dir='ltr'>locis</span> <span class='ocrx_word' id='word_1_216' title='bbox 735 3376 798 3453; x_wconf 90' lang='lat' dir='ltr'>ubi</span> <span class='ocrx_word' id='word_1_217' title='bbox 817 3376 925 3453; x_wconf 78' lang='lat' dir='ltr'>Missa</span> <span class='ocrx_word' id='word_1_218' title='bbox 943 3380 1180 3479; x_wconf 62' lang='lat' dir='ltr'>&amp;ilmagines</span> <span class='ocrx_word' id='word_1_219' title='bbox 1198 3399 1348 3453; x_wconf 85' lang='lat' dir='ltr'>retentae</span> <span class='ocrx_word' id='word_1_220' title='bbox 1365 3396 1487 3472; x_wconf 86' lang='lat' dir='ltr'>erant,</span> <span class='ocrx_word' id='word_1_221' title='bbox 1512 3402 1569 3453; x_wconf 87' lang='lat' dir='ltr'>eas</span> <span class='ocrx_word' id='word_1_222' title='bbox 1587 3381 1672 3454; x_wconf 93' lang='lat' dir='ltr'>loco</span> <span class='ocrx_word' id='word_1_223' title='bbox 1690 3404 1771 3454; x_wconf 92' lang='lat' dir='ltr'>mo·</span> 
     </span>
     <span class='ocr_line' id='line_1_28' title="bbox 453 3475 1773 3591; baseline -0.002 -37"><span class='ocrx_word' id='word_1_224' title='bbox 453 3498 555 3555; x_wconf 77' lang='lat' dir='ltr'>teret</span> <span class='ocrx_word' id='word_1_225' title='bbox 574 3478 654 3575; x_wconf 88' lang='lat' dir='ltr'>(d),</span> <span class='ocrx_word' id='word_1_226' title='bbox 688 3504 733 3555; x_wconf 87' lang='lat' dir='ltr'>ne</span> <span class='ocrx_word' id='word_1_227' title='bbox 760 3498 877 3555; x_wconf 85' lang='lat' dir='ltr'>tamen</span> <span class='ocrx_word' id='word_1_228' title='bbox 903 3481 1009 3551; x_wconf 90' lang='lat' dir='ltr'>etiam</span> <span class='ocrx_word' id='word_1_229' title='bbox 1036 3480 1074 3552; x_wconf 90' lang='lat' dir='ltr'>in</span> <span class='ocrx_word' id='word_1_230' title='bbox 1100 3477 1198 3571; x_wconf 88' lang='lat' dir='ltr'>aliis,</span> <span class='ocrx_word' id='word_1_231' title='bbox 1233 3477 1270 3550; x_wconf 90' lang='lat' dir='ltr'>in</span> <span class='ocrx_word' id='word_1_232' title='bbox 1297 3475 1428 3577; x_wconf 87' lang='lat' dir='ltr'>quibus</span> <span class='ocrx_word' id='word_1_233' title='bbox 1445 3476 1630 3577; x_wconf 84' lang='lat' dir='ltr'>abrogatae</span> <span class='ocrx_word' id='word_1_234' title='bbox 1647 3500 1773 3591; x_wconf 72' lang='lat' dir='ltr'>erant,</span> 
     </span>
     <span class='ocr_line' id='line_1_29' title="bbox 1694 3601 1775 3678; baseline 0.025 -29"><span class='ocrx_word' id='word_1_235' title='bbox 1694 3601 1775 3678; x_wconf 78' lang='lat' dir='ltr'>quia</span> 
     </span>
    </p>

    <p class='ocr_par' dir='ltr' id='par_1_22' title="bbox 455 3691 1774 3947">
     <span class='ocr_line' id='line_1_30' title="bbox 496 3691 1727 3782; baseline 0.002 -28"><span class='ocrx_word' id='word_1_236' title='bbox 496 3692 546 3770; x_wconf 86' lang='lat' dir='ltr'>(a)</span> <span class='ocrx_word' id='word_1_237' title='bbox 570 3691 657 3755; x_wconf 84' lang='lat' dir='ltr'>conf.</span> <span class='ocrx_word' id='word_1_238' title='bbox 684 3692 714 3771; x_wconf 65' lang='lat' dir='ltr'>u.</span> <span class='ocrx_word' id='word_1_239' title='bbox 734 3691 902 3759; x_wconf 89' lang='lat' dir='ltr'>CXVlll.</span> <span class='ocrx_word' id='word_1_240' title='bbox 926 3713 956 3776; x_wconf 86' lang='lat' dir='ltr'>p.</span> <span class='ocrx_word' id='word_1_241' title='bbox 977 3710 1049 3776; x_wconf 80' lang='lat'>391,</span> <span class='ocrx_word' id='word_1_242' title='bbox 1068 3694 1140 3776; x_wconf 83' lang='lat'>362.</span> <span class='ocrx_word' id='word_1_243' title='bbox 1721 3771 1727 3782; x_wconf 39' lang='lat'><strong>·</strong></span> 
     </span>
     <span class='ocr_line' id='line_1_31' title="bbox 496 3772 1772 3863; baseline 0.002 -27"><span class='ocrx_word' id='word_1_244' title='bbox 496 3776 549 3853; x_wconf 87' lang='lat' dir='ltr'>(b)</span> <span class='ocrx_word' id='word_1_245' title='bbox 575 3772 799 3843; x_wconf 87' lang='lat' dir='ltr'><strong>RUCHAT.</strong></span> <span class='ocrx_word' id='word_1_246' title='bbox 825 3783 847 3842; x_wconf 89' lang='lat' dir='ltr'>l.</span> <span class='ocrx_word' id='word_1_247' title='bbox 866 3798 893 3841; x_wconf 92' lang='lat' dir='ltr'>c.</span> <span class='ocrx_word' id='word_1_248' title='bbox 920 3797 988 3861; x_wconf 82' lang='lat' dir='ltr'>pag.</span> <span class='ocrx_word' id='word_1_249' title='bbox 1006 3779 1078 3859; x_wconf 84' lang='lat'><strong>376.</strong></span> <span class='ocrx_word' id='word_1_250' title='bbox 1096 3778 1142 3857; x_wconf 88' lang='lat' dir='ltr'>sq.</span> <span class='ocrx_word' id='word_1_251' title='bbox 1173 3777 1228 3858; x_wconf 86' lang='lat' dir='ltr'>qui</span> <span class='ocrx_word' id='word_1_252' title='bbox 1249 3775 1406 3860; x_wconf 87' lang='lat' dir='ltr'>usquead</span> <span class='ocrx_word' id='word_1_253' title='bbox 1424 3775 1577 3863; x_wconf 84' lang='lat' dir='ltr'>pag.381.</span> <span class='ocrx_word' id='word_1_254' title='bbox 1601 3774 1772 3854; x_wconf 68' lang='lat' dir='ltr'>variamus</span> 
     </span>
     <span class='ocr_line' id='line_1_32' title="bbox 455 3858 1774 3947; baseline 0.005 -30"><span class='ocrx_word' id='word_1_255' title='bbox 455 3859 574 3937; x_wconf 70' lang='lat' dir='ltr'>generis</span> <span class='ocrx_word' id='word_1_256' title='bbox 595 3858 693 3926; x_wconf 69' lang='lat' dir='ltr'>caina</span> <span class='ocrx_word' id='word_1_257' title='bbox 711 3861 727 3926; x_wconf 72' lang='lat' dir='ltr'>a</span> <span class='ocrx_word' id='word_1_258' title='bbox 745 3861 951 3933; x_wconf 82' lang='lat' dir='ltr'>Bernenfibus</span> <span class='ocrx_word' id='word_1_259' title='bbox 967 3876 1038 3925; x_wconf 85' lang='lat' dir='ltr'>tum</span> <span class='ocrx_word' id='word_1_260' title='bbox 1053 3861 1208 3944; x_wconf 88' lang='lat' dir='ltr'>publicata</span> <span class='ocrx_word' id='word_1_261' title='bbox 1223 3861 1380 3943; x_wconf 86' lang='lat' dir='ltr'>recenset,</span> <span class='ocrx_word' id='word_1_262' title='bbox 1404 3880 1585 3947; x_wconf 85' lang='lat' dir='ltr'>eorumque</span> <span class='ocrx_word' id='word_1_263' title='bbox 1600 3862 1694 3926; x_wconf 79' lang='lat' dir='ltr'>breve</span> <span class='ocrx_word' id='word_1_264' title='bbox 1711 3878 1774 3924; x_wconf 89' lang='lat' dir='ltr'>no·</span> 
     </span>
    </p>
   </div>
   <div class='ocr_carea' id='block_1_7' title="bbox 319 3940 888 4031">
    <p class='ocr_par' dir='ltr' id='par_1_23' title="bbox 319 3940 888 4031">
     <span class='ocr_line' id='line_1_33' title="bbox 319 3940 888 4031; baseline 0.004 -27"><span class='ocrx_word' id='word_1_265' title='bbox 319 3941 323 3952; x_wconf 82' lang='lat'>&#39;</span> <span class='ocrx_word' id='word_1_266' title='bbox 454 3940 499 4005; x_wconf 90' lang='lat' dir='ltr'>bis</span> <span class='ocrx_word' id='word_1_267' title='bbox 516 3963 738 4031; x_wconf 81' lang='lat' dir='ltr'>argumentum</span> <span class='ocrx_word' id='word_1_268' title='bbox 756 3946 888 4009; x_wconf 81' lang='lat' dir='ltr'>exhibet.</span> 
     </span>
    </p>
   </div>
   <div class='ocr_carea' id='block_1_8' title="bbox 451 4026 1770 4197">
    <p class='ocr_par' dir='ltr' id='par_1_24' title="bbox 451 4026 1770 4197">
     <span class='ocr_line' id='line_1_34' title="bbox 495 4026 1770 4116; baseline -0.002 -24"><span class='ocrx_word' id='word_1_269' title='bbox 495 4028 546 4110; x_wconf 88' lang='lat' dir='ltr'>(c)</span> <span class='ocrx_word' id='word_1_270' title='bbox 573 4027 821 4095; x_wconf 89' lang='lat' dir='ltr'><strong>HOTTING.</strong></span> <span class='ocrx_word' id='word_1_271' title='bbox 846 4029 945 4093; x_wconf 88' lang='lat' dir='ltr'>Helv.</span> <span class='ocrx_word' id='word_1_272' title='bbox 970 4029 1012 4094; x_wconf 87' lang='lat' dir='ltr'>K.</span> <span class='ocrx_word' id='word_1_273' title='bbox 1032 4029 1078 4096; x_wconf 89' lang='lat' dir='ltr'>G.</span> <span class='ocrx_word' id='word_1_274' title='bbox 1101 4049 1171 4116; x_wconf 83' lang='lat' dir='ltr'>pag.</span> <span class='ocrx_word' id='word_1_275' title='bbox 1186 4048 1261 4111; x_wconf 83' lang='lat'>454.</span> <span class='ocrx_word' id='word_1_276' title='bbox 1284 4049 1323 4097; x_wconf 86' lang='lat' dir='ltr'>ex</span> <span class='ocrx_word' id='word_1_277' title='bbox 1348 4028 1394 4094; x_wconf 90' lang='lat' dir='ltr'>V.</span> <span class='ocrx_word' id='word_1_278' title='bbox 1409 4029 1569 4097; x_wconf 84' lang='lat' dir='ltr'>Tschudii</span> <span class='ocrx_word' id='word_1_279' title='bbox 1585 4028 1667 4095; x_wconf 80' lang='lat' dir='ltr'>Hist.</span> <span class='ocrx_word' id='word_1_280' title='bbox 1688 4026 1770 4093; x_wconf 77' lang='lat' dir='ltr'>Gla·</span> 
     </span>
     <span class='ocr_line' id='line_1_35' title="bbox 451 4110 1341 4197; baseline -0.001 -22"><span class='ocrx_word' id='word_1_281' title='bbox 451 4127 524 4176; x_wconf 83' lang='lat' dir='ltr'>ron.</span> <span class='ocrx_word' id='word_1_282' title='bbox 540 4113 646 4181; x_wconf 84' lang='lat' dir='ltr'><strong>MSS.</strong></span> <span class='ocrx_word' id='word_1_283' title='bbox 679 4113 766 4177; x_wconf 87' lang='lat' dir='ltr'>conf.</span> <span class='ocrx_word' id='word_1_284' title='bbox 786 4110 1012 4179; x_wconf 86' lang='lat' dir='ltr'><strong>RUCHAT.</strong></span> <span class='ocrx_word' id='word_1_285' title='bbox 1039 4119 1061 4178; x_wconf 91' lang='lat' dir='ltr'>l.</span> <span class='ocrx_word' id='word_1_286' title='bbox 1081 4135 1110 4178; x_wconf 91' lang='lat' dir='ltr'>c.</span> <span class='ocrx_word' id='word_1_287' title='bbox 1135 4136 1164 4197; x_wconf 91' lang='lat' dir='ltr'>p.</span> <span class='ocrx_word' id='word_1_288' title='bbox 1197 4112 1249 4194; x_wconf 84' lang='lat'>82,</span> <span class='ocrx_word' id='word_1_289' title='bbox 1269 4113 1308 4196; x_wconf 82' lang='lat'>38</span> <span class='ocrx_word' id='word_1_290' title='bbox 1334 4162 1341 4174; x_wconf 92' lang='lat'>.</span> 
     </span>
    </p>
   </div>
   <div class='ocr_carea' id='block_1_9' title="bbox 492 4131 1774 4345">
    <p class='ocr_par' dir='ltr' id='par_1_25' title="bbox 492 4131 1774 4345">
     <span class='ocr_line' id='line_1_36' title="bbox 492 4131 1774 4345; baseline -0.002 -82"><span class='ocrx_word' id='word_1_291' title='bbox 492 4197 557 4280; x_wconf 80' lang='lat' dir='ltr'>(d).</span> <span class='ocrx_word' id='word_1_292' title='bbox 571 4196 676 4282; x_wconf 85' lang='lat' dir='ltr'>Quod</span> <span class='ocrx_word' id='word_1_293' title='bbox 699 4197 765 4263; x_wconf 81' lang='lat' dir='ltr'>ltaec</span> <span class='ocrx_word' id='word_1_294' title='bbox 789 4194 906 4264; x_wconf 82' lang='lat' dir='ltr'>suerint</span> <span class='ocrx_word' id='word_1_295' title='bbox 928 4198 1060 4267; x_wconf 81' lang='lat' dir='ltr'>consilia</span> <span class='ocrx_word' id='word_1_296' title='bbox 1080 4132 1279 4285; x_wconf 57' lang='lat' dir='ltr'>pausarum</span> <span class='ocrx_word' id='word_1_297' title='bbox 1302 4131 1465 4271; x_wconf 64' lang='lat' dir='ltr'>salentini</span> <span class='ocrx_word' id='word_1_298' title='bbox 1477 4197 1654 4282; x_wconf 85' lang='lat' dir='ltr'>Tschudii,</span> <span class='ocrx_word' id='word_1_299' title='bbox 1675 4153 1774 4345; x_wconf 50' lang='lat' dir='ltr'>magu:</span> 
     </span>
    </p>
   </div>
   <div class='ocr_carea' id='block_1_10' title="bbox 0 0 2227 5150">
    <p class='ocr_par' dir='ltr' id='par_1_26' title="bbox 0 0 2227 5150">
     <span class='ocr_line' id='line_1_37' title="bbox 0 0 2227 5150; baseline 0 0"><span class='ocrx_word' id='word_1_300' title='bbox 0 0 2227 5150; x_wconf 95' lang='lat' dir='ltr'> </span> 
     </span>
    </p>
   </div>
  </div>
 </body>
</html>
