4442 5150
419 604 635 758 ama
799 626 1440 733 nunninus
1583 679 1779 760 >39

463 789 693 883 adtenderit,
728 785 832 862 sacile
857 787 1065 885 concipiet,
1100 812 1206 886 quam
1232 791 1403 864 Proceres
1429 791 1466 863 in
1491 789 1533 865 iis
1560 793 1777 866 rerumcir·

463 889 687 966 cumstantiis
705 889 811 959 etiam
831 888 1012 985 aliquanto
1032 885 1202 960 fervidius
1220 911 1324 984 quarn
1344 891 1556 984 ceteroquin
1570 914 1633 987 par
1646 888 1777 982 fuisset,

459 993 568 1086 'agere
596 985 806 1076 debuerint,
841 1009 906 1078 ne,
942 983 966 1055 fi
994 984 1181 1080 principiis
1206 1009 1280 1057 non
1306 984 1541 1079 obstitissent,
1574 984 1650 1061 sero
1669 989 1775 1061 nimis

463 1086 557 1160 malo
576 1083 728 1177 serpenti
748 1081 926 1154 medicina
945 1101 1137 1177 pararetur.
1171 1100 1231 1156 Kar
1248 1084 1336 1155 reule
1351 1112 1402 1176 μεν
1419 1087 1455 1163 da
1471 1085 1570 1155 aevia.

509 1181 662 1254 BERN
665 1179 717 1252 AE
734 1201 852 1251 autem
870 1178 1109 1273 Evangelium
1129 1181 1242 1276 magis
1260 1184 1444 1274 magisque
1453 1178 1694 1269 efflorescere3
1722 1182 1775 1257 Et

463 1303 664 1377 quanquam
692 1277 815 1372 paucis
842 1297 923 1349 ante
949 1275 1073 1348 diebus
1091 1275 1281 1349 Bernenses
1300 1298 1473 1373 pagorum
1494 1275 1774 1353 Pontificiorum

462 1377 679 1474 importunis
708 1374 840 1470 pariter
865 1394 971 1469 atque
989 1373 1119 1468 iniquis
1138 1373 1436 1468 postulationibus
1454 1371 1643 1467 cesserant,
1669 1375 1774 1472 seque

461 1475 607 1570 pristina
629 1473 722 1546 sacra
740 1496 812 1542 non
832 1472 1019 1544 immutare
1037 1470 1150 1562 velle,
1177 1468 1391 1567 interposito
1409 1494 1553 1570 quoque
1567 1474 1772 1566 juramento

460 1570 619 1666 stipulati
646 1570 808 1660 fuerant,
842 1567 946 1640 satius
973 1588 1114 1658 tamen,
1144 1565 1300 1663 inspcsia
1319 1570 1471 1661 penitius
1492 1572 1639 1644 veritate
1656 1571 1774 1643 duxe-

460 1688 566 1759 runt,
587 1669 880 1762 &juramentum
900 1664 988 1735 illud
1004 1664 1053 1755 (a)
1073 1686 1145 1734 non
1163 1665 1207 1735 ab
1226 1665 1393 1738 omnibus
1406 1689 1570 1762 quoque,
1589 1692 1654 1741 nec
1668 1693 1688 1739 a
1701 1665 1771 1742 rite

460 1763 656 1836 informatis
669 1763 870 1860 susceptum
882 1784 1066 1852 revocare,
1081 1761 1314 1835 &veritatem
1328 1786 1442 1856 prono
1452 1765 1768 1862 animosuscipere,

460 1882 568 1958 atque
593 1860 761 1957 abrogata
783 1857 1032 1957 superstitione
1051 1859 1163 1930 veteri
1183 1861 1298 1945 tueri5
1335 1861 1431 1932 Eum
1451 1863 1563 1956 igitur
1581 1864 1617 1933 in
1636 1862 1769 1957 finem,

458 1980 540 2031 ante
566 1959 708 2051 omnia,
746 1960 983 2054 nequicquam
1012 1973 1175 2028 curantes
1201 1980 1376 2053 pagorum
1398 1956 1532 2054 septem
1554 1960 1770 2033 Pontificio·

458 2080 536 2129 rurn
556 2058 614 2129 vel
634 2057 791 2154 querelas
809 2055 866 2128 vel
881 2056 993 2126 minas
1004 2052 1083 2146 (b),
1104 2054 1261 2148 primurn
1277 2054 1388 2146 illud,
1410 2057 1772 2154 quodjamA,.1523.
1798 2140 1800 2144 ,

456 2152 567 2226 latum
586 2175 707 2244 erant,
735 2153 953 2227 renovabant
975 2149 1168 2241 Edictum,
1194 2176 1267 2254 quo
1286 2152 1433 2247 nequid
1453 2175 1584 2248 ptaeter
1604 2157 1771 2251 Scriptu-

456 2274 510 2323 ras
544 2252 745 2324 Canonicas
783 2250 832 2321 V.
866 2250 903 2322 dc
933 2249 1039 2321 Novi
1065 2248 1288 2320 Testamenti
1315 2247 1336 2320 a
1361 2250 1529 2321 ministris
1555 2252 1655 2324 verbi
1682 2277 1770 2348 pro·

454 2350 650 2448 poneretur
687 2369 831 2424 cautum
858 2365 962 2422 erat:
1016 2347 1226 2515 Reqovatio
1253 2345 1333 2418 haec
1360 2346 1543 2443 propridie
1569 2349 1768 2423 adscenfio-

460 2502 462 2508 .
960 2507 964 2513 .
1067 2496 1069 2502 -
1131 2465 1154 2514 v
1713 2470 1767 2521 urs

498 2632 548 2711 (a)
574 2627 695 2713 Neque
719 2629 803 2695 enirn
828 2631 859 2695 in
884 2630 963 2695 illud
989 2627 1151 2715 superioris
1174 2628 1245 2694 antri
1257 2625 1474 2709 juramentum
1491 2627 1685 2696 consenserat
1700 2651 1769 2716 pars

454 2714 570 2778 melior
595 2713 746 2795 Senatus,
778 2730 872 2797 atque
888 2716 979 2779 etiarn
998 2715 1124 2799 plurimi
1141 2734 1178 2779 ex
1195 2714 1343 2798 primariis
1359 2714 1477 2779 civibus
1495 2714 1521 2778 ei
1539 2713 1659 2778 fuerant
1674 2719 1769 2779 oblo-

347 2832 364 2859 ι
455 2798 539 2880 cuti,
570 2814 604 2861 ut
630 2819 688 2861 nec
703 2797 872 2877 juramenti
889 2800 999 2882 religio
1016 2820 1067 2880 per
1084 2800 1135 2861 has
1154 2819 1243 2864 curas
1260 2798 1442 2881 posteriores
1460 2796 1575 2861 censeri
1592 2797 1682 2881 polstt
1697 2797 1768 2860 vio·

454 2882 533 2965 lata,
564 2901 623 2945 nec
647 2885 713 2945 nlla
734 2880 859 2965 perjurii
884 2883 984 2962 labes,
1010 2882 1038 2946 in
1056 2880 1280 2946 sandiffimum
1298 2883 1398 2964 illud,
1422 2882 1509 2964 quod
1524 2881 1592 2960 jum
1609 2880 1768 2945 condeba-

453 2978 519 3046 tur,
551 2966 714 3030 decretum
738 2965 875 3030 recidere
889 2966 999 3051 possit:
1024 2966 1061 3029 ln
1078 2985 1154 3029 eum
1171 2969 1249 3031 vero
1267 2986 1436 3032 numerum
1453 2965 1689 3045 recensebantur
1704 2964 1771 3046 Ja··

452 3047 566 3113 hannes
592 3052 627 3112 de
652 3052 877 3135 Weingarten,
915 3049 1050 3131 Jacobus
1074 3049 1172 3138 Mey,
1204 3050 1407 3114 Bernhardus
1432 3043 1581 3131 Tisman,
1613 3046 1767 3112 Nicolaus

452 3130 603 3216 Manates,
636 3134 789 3220 Sulpicius
815 3134 982 3213 Hallerus,
1014 3134 1133 3197 Petrus
1157 3135 1192 3196 de
1217 3135 1332 3215 Werd,
1358 3134 1494 3216 Jacobns
1510 3135 1647 3219 Wagner
1664 3135 1765 3197 etfim.
1812 3193 1820 3201 .

454 3218 567 3303 quippe
589 3239 729 3302 quorum
745 3218 929 3285 audorirate
946 3217 1074 3281 Berchr.
1092 3218 1241 3282 Halserus
1259 3239 1390 3306 quoqne
1407 3220 1424 3283 ὲ
1440 3217 1569 3283 Badenfi
1588 3217 1767 3300 disputatio·

451 3318 491 3365 ne
513 3305 610 3367 redux
637 3305 666 3367 in
687 3305 745 3367 sno
764 3323 829 3386 quo
847 3302 1052 3385 fungebatur,
1074 3322 1206 3367 munere
1223 3306 1428 3368 confirmatus
1445 3318 1517 3367 erat.
1551 3302 1766 3381 Praeterquam

453 3388 542 3465 quod
559 3388 729 3465 juramenti
746 3388 896 3467 religione
913 3386 950 3449 ad
967 3405 1060 3469 prava
1076 3386 1252 3468 agendum,
1275 3390 1347 3465 vel,
1372 3388 1460 3466 quod
1475 3386 1589 3449 eodem
1607 3383 1701 3460 redit,
1725 3371 1770 3445 ars

450 3468 534 3529 bona
549 3471 760 3535 omittendum
778 3468 963 3534 conllrisius
982 3487 1077 3532 nemo
1091 3482 1249 3548 teneatur,
1267 3467 1677 3551 utpeffirnusillefiterror,
1696 3483 1765 3555 quo

453 3549 522 3630 quis
547 3551 583 3612 ad
612 3552 642 3614 id
659 3556 746 3631 quod
765 3558 852 3618 malo
869 3553 1000 3618 consilio
1014 3552 1156 3633 juratum
1173 3551 1234 3633 est,
1256 3551 1493 3634 adimplendum
1510 3549 1540 3611 se
1556 3557 1642 3628 putat
1658 3566 1695 3612 ex
1708 3566 1765 3628 Ju-

450 3634 583 3696 ramenti
601 3633 732 3699 viuculo
750 3640 936 3720 obligatum.
1079 3647 1106 3702 ὃ

408 3781 411 3786 ,
493 3732 546 3810 (b)
571 3731 623 3796 Sic
648 3731 732 3796 enim
758 3736 796 3799 ad
822 3738 1014 3821 importunas
1031 3739 1164 3803 illorum
1180 3754 1334 3820 pagorum
1351 3732 1472 3810 literas,
1497 3726 1618 3795 sirenue
1636 3731 1765 3817 respon·

452 3815 565 3879 derunt
590 3814 760 3881 Beruenses
786 3821 1032 3887 d.v11.Martii.
1073 3872 1095 3900 „
1113 3821 1155 3887 Se
1172 3823 1238 3885 suas
1258 3820 1324 3883 satis
1342 3837 1390 3882 res
1408 3836 1516 3880 curare
1551 3813 1636 3895 osse,
1659 3835 1764 3899 neque

451 3947 472 3982 „
490 3900 570 3964 adeo
597 3900 735 3983 indigere
752 3903 950 3984 reliquorum
968 3907 1123 3985 confinis,
1151 3901 1377 3969 multominus
1395 3919 1474 3984 opus
1491 3920 1506 3963 e
1535 3921 1570 3976 e,
1594 3903 1681 3982 quod
1697 3902 1715 3965 ii
1732 3902 1764 3964 se

451 4030 474 4064 ,‚
492 3985 631 4049 sadluros
650 3984 900 4066 perscripserunt,
917 4005 951 4053 ut
967 3990 1039 4053 suos
1058 3993 1176 4069 legatos
1195 3988 1321 4051 vicatim
1337 3986 1494 4049 mitterent
1511 3985 1547 4047 ad
1558 3984 1765 4049 Bernenfium

451 4114 474 4149 ,‚
492 4069 650 4147 subditos,
674 4070 712 4133 ad
731 4087 784 4131 eos
803 4068 832 4132 in
851 4072 971 4152 pristina
987 4073 1137 4152 religione
1154 4070 1371 4146 retinendum;
1395 4067 1515 4151 Neque
1531 4069 1615 4131 enirn
1633 4067 1763 4130 hocesse

452 4154 622 4232 „illorum
639 4172 813 4238 pagorum,
836 4154 888 4217 sed
906 4155 951 4218 sui
966 4155 1063 4217 officii
1073 4175 1082 4231 ;
1108 4155 1233 4238 Quippe
1250 4173 1326 4219 cutn
1343 4153 1480 4238 ipsorutn
1496 4151 1624 4233 subjesli
1641 4154 1678 4214 ab
1694 4150 1763 4234 ipss

451 4234 563 4315 „solis
589 4239 800 4319 dependeant,
832 4257 890 4301 nec
915 4256 992 4300 cum
1016 4238 1144 4320 reliquis
1169 4237 1252 4321 pagis
1277 4241 1378 4303 ullam
1395 4238 1660 4315 remhabeant„
1694 4234 1761 4297 vid.

452 4316 678 4389 RUCHAT.
703 4322 807 4390 Tom.
825 4322 851 4388 l.
875 4341 905 4408 p.
923 4335 997 4404 493,
1015 4338 1087 4404 494·
1119 4341 1156 4390 ex
1172 4318 1469 4390 STETTLERO
1486 4320 1544 4387 fol.
1555 4318 1629 4398 664.
1704 4379 1706 4384 ,
1761 4361 1766 4382 .
