4442 5150
685 591 1528 748 PRAErnrru

453 771 723 874 nostrarum
755 769 1000 871 historiam
1025 756 1126 869 non
1151 800 1250 869 tam
1277 774 1304 868 a
1333 766 1446 891 suu,
1485 779 1531 864 δι
1557 764 1761 866 oblivio..

454 921 529 1011 nis
569 919 742 1047 injuria
769 907 993 1029 liberare,
1035 907 1184 1045 (quod
1207 907 1372 1007 itidem
1397 902 1760 1043 quodammodo

453 1051 635 1149 fadtum
663 1042 749 1147 effe
769 1044 1001 1182 judicabit
1022 1052 1060 1143 is
1074 1122 1089 1165 ,
1128 1051 1208 1194 qui
1235 1076 1447 1144 veterum
1472 1079 1760 1142 monumen-

455 1219 508 1286 ta
533 1188 735 1323 plurima
765 1193 792 1283 a
820 1181 906 1283 situ
924 1191 1026 1318 jum
1054 1197 1099 1280 δι
1124 1182 1336 1320 iqualore
1353 1211 1760 1318 repurgatumque

452 1331 508 1421 in
534 1326 688 1421 lucem
714 1321 840 1419 edita
855 1316 1121 1458 perlustrat)
1150 1355 1293 1457 quam
1313 1324 1629 1454 cumprimisa
1642 1353 1759 1452 prae-

450 1459 668 1596 judiciis,
720 1465 748 1557 a
774 1466 926 1567 minus
955 1455 1049 1555 fida
1072 1457 1329 1580 relatione,
1367 1462 1585 1594 quinimo
1615 1460 1760 1554 etiam

455 1634 558 1696 non
594 1596 734 1696 semel
772 1600 800 1694 ri
838 1601 1250 1733 praevaricatione,
1288 1631 1387 1731 quae
1413 1590 1445 1689 sr
1471 1588 1602 1689 ullibi
1630 1601 1760 1691 certe

453 1744 509 1832 in
546 1771 701 1832 rerum
738 1730 974 1872 gestarum
1010 1738 1283 1830 narratione
1321 1728 1506 1830 exulare
1539 1727 1729 1829 deberet
1740 1780 1758 1854 ς

452 1878 627 2010 Neque
666 1901 827 1971 tamen
865 1867 1047 2003 diffiteri
1085 1863 1295 2005 poffum,
1347 1905 1446 1967 non
1473 1867 1613 1966 semel
1638 1867 1760 1968 illud

454 2005 648 2108 Timolai
684 2009 806 2147 apud
831 2011 1353 2107 XENOPHONTEM
1379 2005 1417 2138 τι)
1461 2013 1623 2104 animo
1647 2043 1760 2109 meo
1791 1998 1796 2007 ’

455 2142 530 2244 his
582 2144 713 2246 rebus
764 2142 976 2246 eruendis
1029 2177 1266 2282 occupato
1313 2139 1441 2243 fuiffe
1490 2151 1760 2279 injectum:

458 2318 520 2393 Ορω
538 2308 565 2372 δ’
583 2313 641 2398 ἐγω
657 2309 755 2375 o‘noeu
772 2322 893 2389 Σφηκις
911 2304 1024 2393 ἑξαιρειν
1041 2302 1174 2385 (drantius
1191 2307 1258 2374 u‘nu
1274 2323 1392 2376 πολλων
1409 2305 1592 2397 murionum:
1619 2279 1761 2382 Video

451 2451 520 2513 eos
553 2417 799 2553 quicunque
829 2413 1052 2512 crabrones
1077 2415 1349 2548 extinguere,
1391 2412 1473 2550 (Cn0
1496 2415 1682 2516 eximere
1703 2418 1761 2520 ub

453 2553 593 2653 antris
602 2552 716 2688 suis)
741 2552 890 2653 volunt
912 2552 944 2650 ri
967 2549 1114 2649 multis
1137 2552 1409 2655 crabronibus
1420 2552 1583 2683 feriri:

522 2697 781 2790 Enimvero
824 2727 922 2789 non
951 2688 1178 2811 diffiteor,
1217 2690 1345 2807 firiffe
1368 2700 1494 2787 viros
1519 2727 1683 2825 graves
1711 2709 1759 2792 δε

454 2824 708 2949 cordatoS,
761 2837 893 2925 tauto
928 2825 1298 2948 moderatiores,
1342 2832 1523 2963 quanto
1549 2835 1760 2959 penitio-

451 2997 556 3064 rem
591 2998 701 3064 cum
738 3001 893 3065 rerum
929 2961 1164 3104 gestarum
1205 2995 1305 3063 tum
1344 2968 1649 3102 negotiorum
1709 3004 1760 3068 e-

454 3099 712 3212 rendorum
748 3099 927 3202 habent
966 3110 1186 3215 notitiam
1212 3141 1267 3206 ac
1291 3098 1451 3225 usum,
1489 3108 1570 3242 qui
1597 3002 1759 3207 mrdtis

452 3238 607 3340 modis
643 3238 756 3338 huic
790 3238 1005 3340 instituto
1042 3239 1204 3348 nostro
1246 3236 1501 3380 assurgere,
1541 3271 1681 3383 atque
1704 3274 1759 3346 ut

449 3384 504 3474 in
528 3376 696 3475 eodem
722 3376 818 3477 hoc
845 3375 995 3477 stadio
1020 3381 1289 3479 emetiendo
1314 3377 1410 3478 fine
1435 3413 1573 3477 mora
1587 3415 1758 3519 perge-

450 3550 553 3612 rem
588 3514 797 3617 stimulos
835 3516 1031 3640 addere,
1069 3511 1289 3657 suamque
1319 3514 1440 3613 mihi
1465 3512 1756 3617 benevolen-

451 3658 568 3750 tiam
608 3659 744 3751 omni
776 3651 1038 3754 officiorum
1063 3691 1236 3793 genere
1260 3649 1415 3754 testari
1440 3688 1541 3753 non
1568 3652 1756 3759 destite-

449 3816 585 3886 runt-z
622 3797 796 3930 Neque
820 3803 935 3891 vero
962 3792 1011 3891 id
1038 3801 1226 3893 tantum
1254 3790 1465 3892 fecerunt
1491 3829 1546 3892 ex
1567 3794 1755 3900 Nostris

1031 3931 1162 4032 **.*
1332 4015 1336 4024 ,
1586 3970 1754 4072 quam-

497 4159 538 4272 ε)Ι
557 4158 637 4274 vids
650 4160 896 4244 XENOPH.
914 4167 1043 4266 lustu.
1063 4167 1170 4247 Grec.
1189 4167 1253 4245 lib.
1265 4168 1336 4249 IV.
1362 4170 1425 4247 foi.
1441 4191 1489 4247 m.
1502 4187 1584 4266 514.
1604 4167 1651 4244 C.
1669 4167 1755 4243 edit.

450 4255 681 4336 chhelran.
705 4275 809 4361 1596.
