4442 5150
1022 492 1168 587 l¹59l

461 652 667 734 gratumque
694 627 808 716 habet,
838 648 897 719 per
918 648 1181 721 quemcunque,
1209 626 1263 698 vel
1291 651 1496 724 quacunque
1514 637 1643 710 tandem
1668 665 1727 712 oc.

462 722 986 822 cafiouepraediceturCltrillus.
1014 721 1206 814 Quomodo
1228 723 1263 793 &
1286 749 1346 794 nos
1363 725 1501 797 amoos
1523 732 1588 802 elle
1615 737 1726 826 decet,

461 823 625 918 ftquidem
647 817 858 913 discipuli&
886 839 1056 910 praecones
1087 815 1217 889 Chrilli
1233 817 1298 889 elle
1318 875 1329 907 ,
1350 823 1383 892 ὃ(
1403 845 1471 892 nnn
1500 827 1724 919 gravilftmam

462 920 544 992 iram
576 919 641 989 Det
663 916 696 1009 in
719 936 780 985 nos
804 935 988 1005 provocare
1008 910 1228 982 voluerimus.
1361 952 1365 957 ·

510 1010 732 1084 Confidimus
763 1027 874 1078 autem
900 1009 933 1077 in
960 1007 1134 1095 Domino,
1160 1004 1246 1076 hanc
1269 1007 1415 1080 nostram
1438 1012 1578 1084 amicam
1602 1018 1725 1089 adlini.

457 1109 639 1193 tationem,
660 1101 811 1178 charitati
827 1101 949 1173 vestrae
972 1125 1039 1172 non
1057 1104 1220 1195 ingratam
1234 1101 1327 1189 lore,
1354 1106 1390 1177 &
1414 1131 1475 1179 nos
1502 1110 1641 1202 pollhac
1677 1113 1724 1186 fe.

458 1201 634 1278 licioribus
656 1199 788 1270 nunciis
812 1195 1068 1268 exhilarandos:
1095 1218 1218 1290 nempe
1249 1201 1342 1280 quod
1366 1201 1448 1271 nihil
1476 1201 1686 1278 diffidiorum
1713 1262 1724 1297 ,

459 1296 543 1372 nihil
582 1294 790 1385 simultatum
819 1311 905 1362 inter
933 1313 993 1364 vos
1019 1290 1201 1363 audiatur:
1230 1291 1284 1364 fed
1308 1294 1529 1388 unanimitas,
1564 1300 1723 1393 mititas,

457 1391 672 1466 fraternitas:
695 1387 739 1460 ita
763 1405 800 1457 ut
826 1385 956 1457 medius
984 1386 1015 1456 ir.
1036 1384 1134 1457 vobis
1153 1385 1190 1458 fit
1210 1385 1390 1476 Christus,
1420 1389 1503 1463 ficut
1531 1395 1682 1488 promifit
1710 1423 1718 1470 :

458 1489 495 1565 δι
523 1485 604 1560 deftt
623 1487 656 1558 itt
677 1483 733 1555 die
746 1480 906 1570 Domini,
929 1481 1067 1555 inimico
1083 1478 1238 1554 laborum
1255 1481 1478 1578 nostrorum,
1505 1509 1577 1583 quo
1597 1489 1721 1588 glorie·

457 1602 534 1669 tur,
564 1581 600 1654 &
614 1577 709 1674 quod
723 1574 871 1674 objiciat.

507 1674 663 1771 Quodsi
692 1670 785 1746 secus
807 1669 1009 1759 aeddan&
1043 1668 1127 1743 nihil
1155 1670 1229 1743 haec
1256 1669 1367 1746 nostra
1394 1674 1573 1769 profecerit
1594 1682 1720 1756 exhor·

457 1768 572 1856 tatio,
608 1768 668 1843 vite
699 1764 821 1862 poterit
855 1763 953 1838 nobis
991 1764 1117 1838 tristius
1148 1765 1233 1932 quid
1268 1767 1429 1842 nunciati.
1480 1772 1720 1852 Nihilominus

456 1864 630 1942 orabimus
652 1861 868 1947 Dominum,
904 1881 942 1933 ut
969 1858 1129 1957 inquietis
1183 1859 1374 1936 umiliorem
1398 1865 1532 1959 praestet
1554 1892 1718 1948 mentem:

456 1964 558 2050 fuum
583 1980 696 2034 autem
727 1974 954 2053 preceptum,
979 1955 1046 2027 hoc
1073 1952 1123 2030 est
1139 1955 1368 2045 ,charitatem
1398 1957 1563 2038 servantes
1590 1965 1719 2040 confir·

455 2080 525 2134 met
542 2081 580 2130 ac
602 2055 785 2131 benedicat.
813 2048 849 2123 δι
875 2049 899 2123 fi
928 2050 1011 2148 quid
1036 2069 1195 2150 praeterea
1215 2049 1349 2149 jullerit
1371 2052 1532 2150 charitas,
1560 2060 1655 2160 quod
1674 2060 1718 2135 ad

454 2152 701 2239 emendandum
733 2146 798 2222 tale
822 2145 983 2254 quiddam
1007 2172 1125 2243 opus,
1150 2144 1277 2219 etiamli
1299 2148 1427 2223 durum
1454 2151 1624 2246 videatur,
1649 2180 1720 2230 non

455 2253 672 2331 omittemus,
695 2243 764 2314 five
781 2240 920 2334 quidam
941 2241 962 2311 ἐ
979 2240 1137 2315 fratribus
1159 2240 1270 2314 issbuc
1293 2244 1448 2317 mittendi
1466 2248 1556 2339 fior,
1579 2251 1648 2325 frte
1662 2248 1720 2326 alii

454 2363 605 2436 quorum
625 2336 731 2433 major
750 2333 926 2419 autoritas,
954 2335 999 2403 im
1028 2335 1169 2408 loraodi.
1227 2334 1377 2409 Ecclesia
1393 2341 1484 2409 enim
1502 2342 1611 2418 vestra
1631 2348 1717 2427 adeo

454 2435 553 2509 nobis
565 2431 798 2505 commendata
814 2424 880 2508 est,
899 2450 967 2497 non
1001 2427 1096 2498 olum
1111 2429 1191 2522 quia
1210 2427 1318 2498 vicina
1335 2430 1372 2502 &
1390 2430 1470 2524 jure
1482 2434 1717 2515 eivitatiscum

455 2529 568 2604 nostra
586 2523 830 2602 confoederata:
856 2518 1025 2595 sedetiam
1044 2523 1123 2618 quia
1146 2519 1309 2595 tremus
1325 2520 1404 2598 fidei
1417 2523 1485 2600 suae
1496 2529 1630 2623 ardore,
1655 2557 1718 2607 no·

455 2626 532 2699 stra:
559 2623 746 2720 plurimum
771 2616 922 2712 profuit:
947 2635 986 2688 ut
1010 2615 1100 2691 illtus
1132 2615 1288 2706 salutem,
1311 2616 1555 2696 incrementum
1581 2626 1617 2699 δι
1639 2628 1717 2729 glo.

453 2720 536 2795 riam
549 2714 764 2813 amplificari,
787 2712 824 2785 &
842 2736 943 2785 omne
961 2711 1151 2807 periculum
1169 2712 1281 2801 vitari,
1306 2736 1375 2785 non
1396 2716 1510 2790 minus
1526 2743 1629 2815 quam
1654 2748 1718 2796 no-

454 2817 532 2887 strae
554 2816 729 2903 cupimus:
752 2807 790 2880 ὃ(
807 2829 870 2898 pto
894 2807 1006 2880 nostra
1028 2806 1122 2880 virili
1141 2805 1306 2881 debemus
1329 2832 1464 2884 omnem
1489 2834 1625 2909 operam
1650 2817 1715 2890 im.

454 2909 619 3008 pendere,
644 2923 682 2976 ut
709 2925 788 2975 vere
810 2901 1022 2974 Christianos
1043 2900 1159 2975 fratres
1180 2926 1218 2973 ac
1241 2902 1331 2974 cives
1352 2906 1555 2999 experiatur.
1603 2911 1650 2983 Et
1676 2937 1715 2987 ea

479 3023 591 3097 rupter
603 2993 846 3071 intolerabilem
861 2995 951 3067 illam
966 2993 1240 3068 Ecclefiastatum
1252 2995 1501 3090 diffenfionem,
1522 3001 1620 3076 isthic
1636 3005 1714 3079 sub·

452 3028 558 3173 latum
577 3094 617 3166 iri
634 3117 677 3166 eu
706 3093 811 3163 imus:
834 3089 870 3162 &
890 3089 913 3161 fi
932 3088 1016 3256 quid
1033 3089 1069 3162 itt
1087 3090 1184 3163 nobis
1206 3088 1322 3180 litum,
1345 3111 1384 3166 ut
1401 3094 1559 3185 tollatur,
1575 3099 1713 3173 conabi-

452 3217 544 3268 mur.
562 3208 663 3263 tamet
708 3183 796 3258 bona
820 3183 917 3257 nobis
952 3208 1010 3280 pes
1026 3184 1064 3258 lit
1081 3239 1092 3275 ,
1109 3186 1178 3283 jam
1197 3184 1327 3279 pridem
1347 3188 1532 3287 ingratiam
1546 3214 1607 3265 vos
1621 3193 1712 3267 redi·

451 3287 533 3374 ine,
552 3284 588 3357 &
607 3282 691 3356 datis
707 3279 856 3365 dextris,
879 3280 1069 3355 unanimes:
1096 3301 1155 3352 aut
1177 3300 1266 3353 certe
1284 3280 1369 3355 hanc
1386 3281 1534 3358 nostram
1563 3310 1713 3380 paraene·

451 3387 540 3455 ticen
556 3403 624 3452 non
635 3373 702 3451 stne
713 3373 830 3448 ftuftu
854 3370 1018 3460 retentos,
1037 3376 1073 3450 &
1086 3374 1341 3471 quamprimum
1355 3377 1396 3449 de
1409 3378 1518 3451 vestra
1531 3385 1713 3459 concordia

450 3499 514 3548 nos
523 3471 681 3547 certiores
694 3468 882 3544 reddituros
902 3521 913 3557 ,
934 3492 973 3542 ac
986 3466 1441 3545 summataeticiaaffeeturos
1500 3473 1618 3549 Valere
1629 3501 1713 3550 con·

450 3568 569 3643 cordes
587 3567 620 3638 in
641 3566 810 3654 Domino,
831 3563 868 3637 in
883 3563 1206 3659 quo&nosamate.
1253 3560 1400 3641 Bastleae.
1420 3566 1457 3641 6.
1480 3565 1710 3647 Novembris.

450 3664 672 3759 A⁰⁰⁰¹⁵²⁹‘
816 3750 858 3858 r
925 3750 948 3857 1
1018 3749 1074 3859 N
1146 3752 1170 3859 1
1243 3754 1286 3861 s.

1540 3811 1707 4005 suu-
