4442 5150
777 573 1416 730 annotate
1551 638 1572 666 ²
1744 665 1774 740 3

439 772 449 787 '
516 793 553 868 4.
580 771 748 847 Senatum
775 767 812 839 in
831 766 990 862 Imperio
1009 763 1202 838 constituat
1218 790 1263 839 ex
1280 767 1469 842 Germanis
1487 765 1687 864 deledium,
1714 776 1776 869 qui

560 865 821 963 rempublicam
840 883 961 961 gerat,
980 864 1088 956 Jura,
1105 864 1316 959 privilegia,
1335 866 1546 964 dignitatem
1567 871 1775 967 principum

560 968 598 1039 &
618 965 799 1037 Ordinum
820 963 967 1057 lmpetii
986 958 1136 1033 minime
1154 962 1334 1034 convellat
1351 985 1412 1036 aut
1430 966 1629 1040 imminuat.

511 1090 547 1162 5.
575 1060 802 1137 Electoribus
829 1059 957 1149 liceat,
991 1081 1073 1130 cum
1099 1059 1168 1130 erit
1193 1082 1284 1155 opus
1309 1060 1402 1133 inter
1420 1059 1452 1133 se
1470 1066 1682 1157 convenite,
1709 1064 1772 1139 dc·

557 1186 628 1252 que
654 1157 838 1256 republica
856 1154 1070 1248 deliberate,
1095 1156 1233 1228 nullum
1252 1178 1370 1230 autem
1391 1152 1483 1252 ipsc,
1509 1182 1581 1256 quo
1599 1164 1714 1235 minus
1733 1162 1771 1236 id

558 1258 712 1347 faciant,
745 1253 1039 1350 impedimentum
1066 1255 1115 1326 eis
1143 1252 1292 1347 inferat,
1326 1278 1393 1328 nec
1421 1256 1458 1327 in
1485 1258 1614 1332 malam
1632 1280 1771 1356 partem

559 1355 724 1450 accipiat.
1507 1374 1509 1378 ·

510 1468 546 1530 6.
574 1446 822 1525 Multitudinis
849 1446 885 1520 ἃ
913 1446 1132 1520 Nobilitati's
1157 1445 1294 1520 foedera
1311 1448 1367 1521 vel
1384 1447 1569 1523 societates
1588 1453 1692 1526 initas
1709 1453 1771 1527 ad·

557 1548 674 1622 versus
692 1547 894 1641 principes,
918 1544 1080 1638 aboleat,
1107 1546 1144 1618 δι
1162 1568 1207 1617 nc
1225 1546 1310 1617 tales
1326 1547 1365 1618 in
1383 1547 1564 1642 posterum
1582 1547 1692 1642 fiant,
1718 1552 1771 1626 le·

557 1670 603 1746 ge
620 1644 866 1744 prohibeatur.
1762 1686 1772 1705 ·

508 1769 547 1836 7.
575 1745 634 1816 De
654 1741 757 1817 rebus
777 1737 925 1836 Imperii
944 1738 1082 1811 nullum
1101 1735 1222 1811 foedus
1240 1757 1302 1811 aut
1317 1738 1460 1837 padum
1481 1739 1588 1816 faciat
1605 1766 1689 1816 cum
1707 1767 1772 1818 ex·

559 1843 685 1933 ternis,
712 1837 777 1912 nili
796 1838 841 1910 de
860 1836 1167 1933 Septemvitorum
1185 1833 1327 1910 allensu.
1584 1893 1588 1900 .

509 1935 544 2012 8.
572 1938 773 2012 Facultates
802 1934 949 2031 Imperii
976 1957 1090 2029 neque
1115 1933 1305 2027 distrahat,
1339 1958 1405 2009 nec
1429 1937 1673 2035 oppiguotet,
1700 1964 1768 2014 nec

555 2035 625 2108 alio
651 2035 780 2133 quovis
804 2030 915 2104 modo
935 2031 1126 2105 deteriores
1144 2029 1274 2125 faciat,
1299 2033 1338 2106 ὅ(
1355 2057 1436 2128 quae
1454 2036 1594 2107 suntab
1612 2038 1769 2110 aliisna·

455 2204 460 2215 ,
556 2134 712 2207 tionibus
730 2151 930 2228 occupata,
948 2131 1005 2202 vel
1022 2130 1074 2201 ab*
1086 2130 1245 2226 ltnpetio
1262 2131 1397 2204 divulsa
1414 2131 1529 2222 bona,
1548 2135 1774 2230 primoquo·‘

558 2254 625 2327 que
649 2251 814 2328 tempore
837 2247 1047 2322 recuperet,
1083 2225 1131 2299 sic
1151 2248 1291 2321 tamen,
1316 2252 1361 2301 ne
1377 2227 1464 2326 quid
1480 2226 1596 2301 fraudi
1616 2229 1661 2302 lit
1677 2233 1769 2326 illis,

557 2329 617 2424 qui
635 2330 689 2402 vel
709 2327 901 2426 privilegio
920 2323 976 2396 vel
990 2327 1075 2422 jure
1090 2327 1268 2396 nituntur.
1330 2350 1335 2360 ·

507 2447 544 2509 9.
570 2425 711 2522 Siquid
729 2425 836 2498 etiam
856 2422 913 2495 vel
932 2423 1026 2519 ipse,
1051 2421 1109 2493 vel
1127 2424 1203 2518 ejus
1221 2419 1368 2500 familiae
1386 2420 1558 2518 quispiam
1579 2421 1769 2519 possideat,

555 2526 652 2622 quod
672 2524 715 2600 fit
734 2522 902 2619 Imperii,
927 2543 1002 2593 non
1018 2519 1231 2619 acquifitum
1249 2517 1435 2620 legitime,
1455 2521 1769 2623 reddatinterpel·

552 2619 949 2720 latussSeptemviris.
1016 2668 1022 2678 ·
1585 2647 1587 2654 ·
1698 2681 1700 2686 .

510 2742 567 2792 to.
593 2721 691 2796 Cum
718 2720 842 2792 vicinis
868 2718 1015 2815 aliisque
1042 2714 1186 2813 regibus
1212 2740 1336 2812 pacem
1363 2719 1401 2789 δε
1427 2717 1623 2788 amicitiam
1649 2718 1772 2809 colat,

450 2825 455 2837 ·
554 2836 673 2911 neque
697 2838 765 2909 pro
790 2814 888 2888 rebus
914 2814 1086 2910 Imperii,
1106 2810 1180 2886 'nisa
1194 2813 1239 2882 de
1254 2812 1439 2904 'Ordinum
1459 2814 1622 2880 omnium
1634 2861 1651 2899 ,.
1671 2833 1768 2905 ptae·

553 2909 662 3007 cipue*
679 2912 986 3012 Septemviiorum
1005 2910 1192 2984 voluntate
1209 2905 1525 3005 bellum'suscipiat
1544 2905 1658 2980 ullum
1677 2909 1770 2983 iutra

552 3010 610 3082 vel
629 3031 730 3084 extra
749 3009 836 3086 lines
855 3010 1030 3109 Imperiis
1053 3021 1057 3026 '
1264 3037 1266 3042 ·
1698 3067 1703 3074 .

512 3128 568 3179 tt.
593 3107 827 3222 Peregrinum
854 3131 998 3207 quoque
1021 3106 1173 3181 militem
1191 3105 1388 3180 nullutn-in
1405 3103 1768 3182 Germaniam-addu-

553 3225 633 3297 cat,
659 3205 724 3280 mli
744 3206 1047 3281 consentientibus
1065 3208 1147 3278 illis.

509 3322 564 3374 η.
590 3303 703 3397 Quod
724 3305 748 3378 ss
767 3326 885 3380 autem
902 3305 1001 3379 bello
1020 3313 1164 3403 petatur
1180 3304 1253 3406 ipse
1269 3304 1328 3380 vel
1347 3304 1568 3404 Imperium,
1587 3302 1693 3377 liceat
1709 3304 1767 3378 uti

552 3403 824 3499 quibuscunque
842 3403 1027 3500 praesidiis.
1318 3419 1325 3500 ζ
1373 3453 1375 3457 .
1652 3429 1656 3446 ⁸

510 3516 565 3591 13.
590 3499 822 3573 Contentum
843 3499 1148 3600 lmpetiinullum
1167 3501 1310 3575 edicat·
1357 3523 1373 3552 ²·
1666 3545 1701 3560 --

507 3615 565 3762 ¹4¹
588 3594 724 3764 &leque
742 3598 896 3697 vectigal
914 3620 976 3675 aut
993 3596 1169 3674 tributum
1190 3600 1361 3695 imperet,
1379 3592 1446 3666 nili
1464 3589 1509 3667 do
1526 3588 1695 3681 conscm'u
1713 3591 1766 3669 E·

568 3716 586 3764 e
626 3719 742 3767 orum.

512 3807 567 3882 ¹5·
592 3790 803 3867 Conventus
821 3795 928 3867 etiam
946 3819 1018 3868 non
1036 3814 1118 3891 agat
1135 3812 1237 3867 extra
1254 3789 1342 3865 fines
1360 3791 1515 3890 imperii.

509 3894 564 3959 16.
590 3886 763 4061 Neffiotiis
784 3892 939 3989 publicis
957 3892 1133 3988 praeficiat
1151 3914 1224 3963 non
1241 3910 1405 3984 exteros,
1424 3913 1548 3966 vetum
1564 3888 1767 3964 Germanos

550 4006 662 4058 exno
691 3988 804 4062 ilitate
821 3989 989 4064 delectos.
1027 4016 1032 4029 ·

505 4102 561 4175 ¹7·
597 4082 648 4156 Et
682 4084 922 4164 conficiantur
955 4090 1070 4165 literae
1104 4109 1229 4163 omnes
1262 4086 1374 4163 latino
1407 4086 1467 4165 sel
1500 4083 1665 4186 populari
1694 4081 1765 4157 ser·

549 4202 671 4266 mone.
985 4243 988 4251 ,

438 4281 471 4308 “·
515 4303 518 4308 ·
583 4303 596 4324 ³
1075 4280 1108 4355 A
1136 4301 1159 4356 2
1607 4275 1663 4353 18.
1689 4273 1766 4349 Ex·
