4442 5150
454 630 703 740 A.1525.·
813 596 1544 720 nnuovrtr.'
1690 648 1762 750 285

452 773 659 871 principio,
693 786 863 865 quantum
884 765 1020 839 interfit
1038 767 1132 840 inter
1147 768 1343 844 dodlrinam
1363 774 1616 873 Evangelicam
1637 777 1675 853 &
1693 778 1759 851 ltu·

454 894 574 945 manas
593 867 798 940 traditiones
817 865 967 956 edocet,
996 856 1098 935 simul
1117 863 1203 940 vero
1221 891 1390 962 quantum
1410 872 1655 966 impedimenti
1673 872 1759 948 affe·

366 1042 376 1053 ,
453 987 534 1041 rant
552 965 759 1038 traditiones
779 964 964 1033 hominum
983 961 1026 1031 ad
1038 962 1222 1035 veritatem
1238 968 1421 1063 Evangelii
1439 968 1759 1068 resldperspieien·

453 1063 535 1137 darn
551 1063 724 1158 exponit:
756 1112 781 1152 „
801 1060 878 1152 Qui
896 1059 989 1130 enirn
1008 1059 1189 1132 candentis
1207 1063 1298 1134 nivis
1315 1068 1466 1135 nitorem
1487 1068 1618 1139 diutius
1636 1070 1759 1141 intuiti

454 1186 565 1258 „per
591 1157 712 1231 nivosa
731 1159 779 1249 (a)
808 1158 887 1228 loca
905 1153 1197 1248 ambulaverunt,
1226 1159 1248 1230 sr
1269 1162 1410 1256 quando
1429 1165 1464 1232 in
1484 1188 1645 1236 amoenos
1663 1189 1758 1238 cam·

453 1282 567 1356 „pos
593 1256 733 1352 lateque
760 1255 910 1327 virentia
935 1271 1034 1347 prata
1059 1257 1309 1347 pervenerint,
1353 1258 1464 1356 longo
1491 1280 1653 1355 tempore
1681 1260 1761 1356 post

453 1353 652 1453 „pristino
672 1350 858 1450 splendore
877 1350 972 1444 capti
993 1349 1181 1421 oculorum
1201 1351 1275 1424 visu
1295 1351 1485 1427 falluntur:
1517 1362 1602 1452 quin
1623 1360 1760 1430 inveni·

453 1506 482 1548 „
500 1477 538 1525 re
557 1453 642 1524 licet
662 1448 875 1535 nonnullos,
893 1444 1022 1541 quibus
1041 1469 1113 1517 non
1132 1445 1196 1517 nist
1217 1450 1324 1547 longa
1341 1451 1561 1525 medicorum
1582 1479 1668 1527 cura
1686 1458 1759 1550 pri·

454 1602 482 1645 ,‚
503 1548 612 1622 stinus
639 1546 730 1618 visus
758 1542 876 1641 potest
902 1541 1065 1632 restitui,
1109 1567 1191 1615 cum
1219 1548 1356 1642 aliquot
1382 1549 1496 1622 rursus
1522 1553 1635 1623 oeulis
1662 1554 1759 1650 copti

453 1648 598 1742 „omni
622 1643 696 1716 visu
714 1646 749 1714 in
769 1639 967 1713 universum
986 1637 1194 1734 spolientur.
1237 1644 1290 1715 Ea
1307 1643 1357 1715 est
1376 1644 1538 1719 humanae
1558 1650 1685 1721 mentis
1704 1670 1758 1721 at·

452 1768 569 1840 „que
594 1739 791 1813 intelledlus
809 1738 913 1809 ratio.
958 1736 1089 1807 Multis
1105 1738 1201 1809 enim
1214 1741 1287 1836 jum
1307 1741 1429 1814 seculis
1448 1745 1547 1815 nullo
1565 1746 1635 1818 alio
1652 1770 1758 1840 quam

452 1841 728 1936 „humanarum
757 1838 878 1930 legum
905 1833 942 1905 &
970 1833 1201 1905 traditionum
1229 1839 1404 1934 regimine
1423 1840 1519 1914 dueti
1540 1840 1758 1936 incessimus,

452 1960 646 2033 „quarum
673 1933 844 2006 fascinum
871 1933 1006 2002 animos
1033 1930 1170 2004 nostros
1197 1933 1246 2004 ita
1273 1939 1489 2029 occupavit,
1515 1959 1555 2011 ut
1575 1941 1611 2010 in
1629 1939 1759 2015 virides

453 2089 481 2131 „
500 2038 538 2109 &
557 2052 698 2133 apertos
716 2031 814 2103 verbi
834 2029 946 2101 divini
964 2051 1108 2124 campos
1128 2028 1317 2125 produdii,
1337 2033 1430 2105 illius
1448 2032 1666 2130 splendorem
1688 2038 1759 2110 cla·

452 2185 482 2228 „
502 2131 667 2206 rislimum
688 2154 759 2201 non
779 2126 842 2199 nifi
863 2124 1146 2199 caecutientibus
1165 2130 1278 2200 oculis
1295 2131 1424 2203 intueri
1443 2129 1607 2226 polsrmus
1626 2136 1698 2207 dcc.
1717 2186 1746 2226 „

501 2226 685 2304 Caeterum
707 2225 779 2325 ipse
797 2221 1120 2296 ZWlNGLlUS
1140 2223 1176 2295 in
1196 2225 1264 2296 hoc
1284 2251 1426 2323 quoque
1443 2228 1565 2301 libello
1585 2232 1660 2323 (b),
1686 2255 1760 2327 quo

451 2328 576 2402 ordine
603 2325 776 2399 Ecclesrae
804 2319 1116 2393 Reformationem
1145 2320 1217 2416 ipse
1246 2320 1287 2394 sit
1306 2323 1506 2420 aggressus,
1536 2327 1588 2398 his
1608 2330 1760 2420 exponit

451 2427 589 2501 verbis:
616 2424 825 2515 Priusquam
844 2417 988 2510 aliquod
1009 2417 1043 2487 in
1064 2414 1204 2491 fidei&
1224 2419 1405 2515 religionis
1425 2421 1759 2518 negotiodiffidium

452 2542 622 2597 exortum
651 2517 722 2607 est,
760 2513 831 2611 ipse
855 2518 927 2612 jam
954 2534 1034 2587 ante
1060 2535 1133 2584 non
1160 2513 1265 2587 semel
1291 2539 1375 2588 cum
1403 2519 1595 2615 praecipuis
1621 2521 1760 2619 aliquot

452 2615 628 2692 Ecclestae
648 2613 875 2712 proceribus,
894 2608 1192 2686 Cardinalibus&
1205 2611 1394 2711 Episcopis
1408 2614 1570 2691 conferre
1579 2621 1701 2717 coepi,
1721 2622 1760 2696 ὅ(

454 2716 498 2789 de
517 2714 749 2789 traditionum
771 2712 1001 2782 humanarum
1018 2706 1196 2780 erroribus
1212 2709 1410 2805 disputate,
1431 2710 1761 2809 fimulquemonui,

452 2834 496 2888 ut
521 2809 712 2899 abusuum,
741 2831 975 2902 errorumque
993 2806 1134 2900 copiam
1153 2807 1321 2903 paulatim
1341 2811 1467 2881 tollere
1484 2811 1757 2907 aggrediantur:

451 2912 525 2987 hoc
541 2911 644 2986 enim·
656 2905 719 2980 nisi
740 2904 822 2994 fiat,
851 2907 930 2977 illos
947 2903 1135 2997 aliquando
1153 2905 1264 2976 nimio
1285 2906 1440 3001 pondere
1458 2927 1622 2982 nutantes
1633 2911 1773 3005 majori.

453 3035 536 3084 cum
564 3007 723 3088 tunutltu
750 3006 786 3076 ὃ(
813 3001 954 3099 fragore
975 2999 1114 3074 caliiros
1132 2999 1210 3074 else.
1254 3003 1348 3077 Cum
1369 3005 1461 3090 enim
1480 3024 1674 3082 antrannis
1691 3015 1759 3081 olio

454 3108 569 3181 adhuc
601 3105 652 3197 (c)
682 3108 716 3176 in
745 3101 876 3173 Mariae
903 3103 1135 3172 Helvetiorum
1161 3102 1282 3174 Eremo
1310 3101 1488 3195 versarer,
1524 3104 1568 3176 de
1595 3105 1647 3177 his
1675 3129 1759 3177 cum

452 3208 623 3282 Matthaeo
641 3199 821 3276 Cardinali
841 3198 1015 3289 Sedunenſs
1032 3196 1236 3271 collocutus
1255 3199 1351 3292 sum,
1369 3223 1524 3297 cumque
1537 3204 1610 3298 jam
1623 3202 1761 3296 Tiguri

452 3303 611 3377 habitare
637 3296 846 3394 coepissem,
879 3292 1124 3389 saepenumero
1142 3298 1270 3389 apertis
1289 3298 1462 3393 clarisque
1480 3300 1596 3371 verbis
1615 3298 1761 3368 testatus

453 3399 527 3470 sum
539 3401 744 3490 „Papatum
757 3389 1760 3483 omnemsrivolo&breviruiturofundamentoinniti„,

454 3496 563 3589 idque
582 3490 789 3563 solidissimis
808 3490 1061 3583 scripturarum
1081 3486 1170 3558 locis
1189 3485 1324 3582 semper
1343 3487 1590 3581 comprobavi.
1633 3487 1760 3562 Testes

454 3592 515 3665 hic
542 3588 652 3661 citare
678 3587 846 3683 polium,
880 3589 932 3660 ita
956 3583 1102 3754 pergqq,
1136 3582 1346 3678 generosum
1373 3586 1491 3656 virum
1518 3583 1555 3674 dc
1582 3581 1762 3755 Batonelm

1096 3701 1169 3777 υς
1686 3709 1759 3758 ca·
1810 3747 1813 3754 ,

514 3891 530 3931 a
571 3863 628 3927 fol.
651 3880 687 3924 22
714 3906 721 3920 .

496 3870 549 4034 ibi
575 3949 631 4013 sol.
652 3879 722 4025 233.
754 3944 840 4009 conf.
852 3935 942 4030 'Quae
956 3945 1023 4028 jam
1041 3941 1080 4009 de
1095 3945 1130 4011 ris
1147 3944 1178 4010 in
1193 3941 1364 4007 innodare
1384 3941 1413 4024 i.
1426 3939 1503 4007 CX.
1522 3964 1551 4027 p.
1563 3943 1635 4008 262.
1659 3966 1760 4011 anno-

456 4038 591 4103 tavimus
609 4033 638 4096 dt
657 4025 828 4110 §.CXlV.
846 4031 875 4111 ρ’.
887 4045 957 4107 274.
1515 4110 1521 4119 .

498 4124 548 4200 (e)
574 4116 627 4184 Est
646 4113 723 4176 vero
740 4113 805 4180 hec
821 4111 976 4194 responfio
990 4112 1099 4194 scripta
1115 4109 1153 4172 ad
1170 4111 1264 4176 dxv.
1284 4109 1434 4175 Kalendr.
1453 4108 1534 4190 MaJi
1551 4127 1643 4190 1525.
1675 4112 1766 4176 unde

458 4200 635 4268 mendosis
661 4196 876 4283 supputatione
897 4213 1053 4258 annornm
1077 4194 1139 4256 octo
1165 4194 1302 4275 sequitur
1325 4215 1401 4261 eum
1421 4195 1489 4277 jam
1514 4193 1544 4258 io
1570 4193 1634 4278 ipso
1658 4195 1764 4260 refor—

458 4287 563 4353 mandi
579 4285 700 4369 studio,
722 4280 812 4367 quod
827 4277 898 4347 alibi
914 4276 932 4341 al
946 4279 1035 4345 nobis
1050 4277 1222 4346 indicatum
1237 4279 1300 4364 ell,
1322 4277 1506 4367 prevenisse
1521 4274 1719 4346 Lutlterum.
