4442 5150
460 784 462 788 ⁸
503 749 548 822 E.
569 739 760 842 Epistolam
777 738 937 812 Drminiei
952 612 1256 814 &sussum
1279 738 1321 814 ad
1334 736 1539 846 Capitonem
1551 792 1563 830 ,
1575 761 1678 836 quam
1692 764 1738 820 ex

456 845 467 919 i
485 842 530 916 ¹so
545 837 760 939 autographo
775 835 873 931 juxta
887 834 990 906 fidem
997 833 1106 907 datam
1118 843 1148 918 ς.
1165 834 1245 941 Lll.
1258 859 1292 931 p.
1310 833 1388 908 118.
1411 837 1467 941 bic
1477 835 1551 942 legi
1559 840 1737 916 volumus.

487 958 542 1047 rat
555 934 639 1008 verb
650 935 815 1037 uomrnrci
834 934 995 1024 Slerrpnerr'
1011 928 1104 1034 apud
1128 928 1606 1100 Noriberffenssffirffitpp&
1617 932 1737 1104 Sis-'bak

456 1021 1138 1215 pingpppppppappp{image}
1175 1046 1367 1194 siclini.
1393 1120 1475 1192 aaa.
1493 1120 1521 1191 1.
1540 1142 1578 1216 p.
1593 1079 1685 1221 ξω]

1063 1309 1120 1392 A.

455 1461 650 1570 Form'ula
677 1461 946 1550 Euocationis
977 1456 1028 1542 ab
1058 1456 1274 1572 Episcopo
1307 1460 1594 1572 Argentinensi
1624 1461 1737 1549 milla

410 1688 419 1701 ⁹
522 1578 576 1660 ad
596 1603 734 1658 omnes
759 1575 1033 1686 Episcopatus
1055 1575 1141 1682 ejus
1164 1571 1482 1658 Ecclefiasticos.
1546 1599 1666 1686 1524„

572 1780 848 1853 lLHELMUS
870 1781 938 1854 Dei
954 1777 1075 1852 Gratia
1099 1775 1227 1871 Episco
1252 1802 1292 1850 us
1312 1787 1561 1879 Argentum,
1589 1787 1736 1876 Alfariae·

475 1884 477 1887 ’
588 1903 651 1968 que
679 1874 938 1970 Landgravius,
963 1870 1196 1974 Unirerfis&
1216 1802 1357 1967 sngulis
1380 1875 1579 1947 divinorum
1599 1879 1656 1947 seu
1681 1902 1737 1949 ec·
1788 1909 1791 1913 ·

454 1964 630 2041 clefiarum
660 1967 902 2063 parochialium
937 1964 1127 2036 rectoribus
1159 1983 1218 2034 aut
1247 1964 1515 2041 locatenentibus
1550 1973 1737 2043 eorundem

450 2059 627 2158 plebanis,
647 2060 901 2156 viceplcbanis,
924 2058 1112 2156 ceterisque
1138 2056 1365 2155 presbyteris,
1388 2064 1512 2134 curatis
1533 2063 1570 2136 ὅ(
1590 2087 1659 2136 iton
1676 2088 1739 2137 cu·
1804 2155 1808 2159 ἱ

453 2152 704 2248 rannnorariis
722 2178 864 2262 quoque
882 2157 918 2228 bc
949 2151 1190 2225 tabellionibus
1211 2152 1365 2255 publicis·
1415 2157 1655 2255 uibuscunque
1677 2182 1739 2254 per

452 2249 623 2323 civitatem
647 2253 682 2323 ὃ(
704 2249 847 2323 diecelin
867 2248 997 2320 nostras
1024 2249 1283 2345 Argentincnses
1307 2248 1394 2321 ubili
1441 2275 1460 2323 t.
1474 2253 1666 2326 constitutis
1691 2257 1739 2325 sa·

453 2343 560 2415 lurem
574 2346 606 2417 in
626 2346 793 2430 Domino,
816 2345 852 2419 bt
874 2341 1094 2439 praesentibus
1110 2342 1232 2415 nostris
1249 2343 1428 2416 ordinariis
1442 2344 1586 2419 firmiter
1597 2347 1738 2422 oberlire

449 2441 649 2531 mandaris3
691 2440 845 2514 Auribus
868 2438 990 2510 nostris
1017 2438 1113 2534 quod
1145 2437 1300 2510 dolenter
1334 2438 1511 2535 referimus
1530 2442 1737 2538 jamdudum
1801 2456 1803 2458 ’

446 2531 590 2607 allatum
612 2536 682 2624 est,
706 2535 852 2632 qualiter
877 2534 1015 2632 quidam
1036 2534 1247 2634 slblffgangrrr
1272 2539 1407 2607 Sculrerr'
1430 2536 1529 2631 presb
1556 2559 1604 2611 ter
1625 2536 1740 2610 nostre

452 2628 642 2722 dieceseos,
671 2656 740 2728 qua
764 2630 949 2705 temeritate
969 2653 1009 2703 ac
1032 2653 1155 2702 erroris
1183 2628 1301 2725 lpiritu
1329 2630 1457 2704 diuus
1481 2561 1650 2721 nessitun
1676 2632 1743 2707 sese

449 2744 570 2798 contra
587 2726 698 2800 sansle
715 2726 831 2799 matris
844 2724 981 2800 ecclesie
1000 2747 1158 2823 precepta
1178 2747 1218 2797 ac
1233 2724 1269 2796 in
1282 2725 1437 2824 ejusdcm
1459 2728 1496 2802 &
1516 2728 1620 2801 totius
1634 2729 1739 2802 status

453 2819 615 2894 clericalis
641 2841 878 2920 contemptum
908 2822 945 2895 &
971 2821 1208 2908 honestatem,
1232 2843 1424 2927 contraque
1452 2822 1739 2895 sanstissimorum
1771 2911 1773 2914 ,

453 2936 588 3009 patrum
610 2916 817 3005 sanstioncs,
844 2918 880 2988 ἃ
904 2914 1014 2986 saincte
1030 2915 1116 3014 sedis
1127 2915 1196 3015 jam
1209 2915 1346 2983 dudum
1358 2916 1551 2984 lulminaras
1563 2912 1739 3002 censuras,

454 3028 528 3077 tuin
549 3012 716 3101 denique,
743 3025 862 3079 contra
887 3003 1119 3102 gloriosissimi
1141 3002 1602 3111 insistissrmiqueprincipis
1624 3006 1660 3078 ὃ(
1678 3007 1740 3079 do·
1853 3090 1857 3096 ¹

455 3100 538 3168 mini
559 3103 665 3171 nostri
684 3100 814 3171 domini
833 3097 951 3170 Caroli
976 3096 1220 3167 Romanorum
1242 3094 1453 3191 imperatoris
1470 3122 1510 3169 ac
1532 3116 1637 3181 totius
1660 3104 1740 3173 Ro·

456 3194 546 3263 mani
569 3193 701 3288 imperii
725 3192 866 3279 statuta,
888 3188 1041 3262 mandata
1067 3190 1104 3263 δι
1129 3187 1363 3263 conclusiones
1382 3191 1636 3269 matrimonium
1656 3218 1739 3268 curn

452 3287 603 3383 quadam
631 3311 665 3358 u.
687 3285 796 3358 taliter
807 3283 952 3382 qualiter
969 3286 1174 3359 contraxerit
1191 3283 1277 3356 illud
1305 3309 1348 3358 ue
1367 3286 1402 3358 in
1419 3283 1503 3359 facie
1518 3287 1654 3361 ecclesre
1697 3314 1739 3363 u·

457 3380 547 3455 blice
570 3390 623 3470 (ut
644 3382 728 3455 inter
754 3380 856 3454 laicos
876 3378 951 3452 fieri
967 3382 1169 3452 consuetum
1186 3379 1251 3468 est)
1275 3308 1556 3470 summerseta,
1583 3406 1644 3477 per
1671 3314 1740 3457 boc

457 3475 623 3552 Divinam
653 3475 860 3550 Ma'estatem
881 3496 986 3571 atque
1005 3474 1222 3548 Catholicam
1248 3475 1445 3575 religionem
1471 3474 1675 3550 offendendo
1700 3480 1740 3554 ὅ(

456 3594 574 3646 contra
592 3576 711 3647 clerica
726 3596 780 3643 em
805 3542 1011 3644 horsestatem
1030 3566 1168 3666 publice
1186 3570 1344 3669 agendo,
1366 3569 1609 3667 sacrorumque
1635 3598 1739 3646 cano·

458 3690 542 3738 num
568 3668 686 3741 statuta
712 3670 748 3741 ὅ(
770 3668 997 3739 ordinationes
1019 3684 1145 3737 temere
1171 3664 1346 3756 violando,
1368 3667 1425 3739 cui
1442 3665 1737 3742 vehementirnor·

459 3760 506 3831 bo
527 3762 563 3834 bt
590 3762 680 3834 malo
696 3763 856 3860 exemplo
876 3781 917 3833 ut
943 3783 986 3834 eri
1004 3757 1149 3857 injunsb
1167 3760 1340 3856 pastoralis
1366 3757 1472 3833 officii
1499 3760 1604 3833 nostri
1621 3764 1740 3837 debito

458 3874 614 3929 tenemur
629 3856 817 3949 obviando,
840 3855 939 3929 vobis
959 3855 995 3928 bt
1007 3855 1163 3927 vestrum
1174 3853 1314 3929 cuilibet
1334 3855 1369 3926 in
1380 3858 1507 3929 virtute
1525 3854 1636 3930 sinete
1653 3858 1736 3931 obe·

457 3948 581 4022 dienrie
602 3952 639 4027 &
659 3951 723 4024 sub
739 3949 957 4049 suspensionis
980 3956 1025 4022 ab
1045 3945 1170 4023 officiis
1188 3949 1307 4025 vestris
1322 3950 1461 4041 divinis,
1486 3949 1644 4024 diuinus
1660 3972 1737 4046 pre-

457 4044 615 4143 cipiendo
641 4046 865 4140 mandamus,
886 4064 1057 4142 quatenus
1077 4069 1163 4122 mox
1191 4045 1268 4124 vitis
1295 4044 1334 4123 δε
1365 4046 1506 4145 receptis
1531 4042 1742 4145 presentibus

932 4170 940 4184 ·
1638 4160 1736 4212 acce·
