4442 5150
484 612 558 725 374
673 617 1542 703 rrrsrou1nnvntvont11
1627 625 1799 724 nm,

483 755 694 857 disputanda
718 756 935 857 proposuit,
978 777 1047 852 pro
1071 753 1348 828 Traditionibus
1374 758 1562 830 hominum
1591 757 1642 850 (a)
1671 778 1800 832 contra

484 860 524 931 T
526 857 718 931 raditionea
738 859 831 949 Dei,
855 850 968 926 tacit&
986 873 1028 924 ut
1044 851 1151 923 multi
1169 854 1432 949 opinabantur,
1457 851 1625 952 oppolita
1640 852 1801 952 disputa·

486 956 578 1031 tioni
598 953 774 1051 Zwinglii
792 953 837 1024 de
859 950 971 1022 Verbi
991 950 1063 1021 Dei
1081 948 1305 1022 auctoritate.

439 1055 447 1073 '
532 1046 1126 1126 TOGGENBURGENSEM
1146 1071 1291 1142 quoque
1307 1049 1561 1142 Comitatum,
1584 1052 1648 1146 qui
1667 1049 1806 1125 Abbati

488 1149 528 1225 8.
555 1147 713 1223 Gallcnst
741 1149 880 1221 suberat
909 1145 980 1238 (uti
1008 1147 1044 1214 in
1071 1145 1167 1216 bunc
1185 1169 1298 1242 usque
1315 1145 1408 1216 diem
1427 1150 1509 1218 duae
1527 1170 1645 1243 partes
1662 1149 1803 1222 Refor-

486 1266 595 1320 matae
621 1247 788 1342 religioni
815 1244 1096 1340 adstipulantur,
1122 1244 1230 1313 tertia
1245 1241 1333 1314 verb
1348 1245 1518 1340 Papismo
1534 1245 1702 1334 inhaeret)
1729 1249 1803 1321 boc

486 1346 598 1419 Anno
617 1342 791 1416 vicesimo
810 1363 938 1436 quarto
956 1363 1021 1434 per
1037 1342 1249 1413 Mauritianr
1268 1344 1458 1435 Milefiunr,
1483 1341 1664 1415 Pastorem
1686 1345 1800 1417 Wat·

486 1442 728 1532 tewilensetn,
756 1441 947 1535 anannem
965 1438 1186 1534 Doerr'ngr'um
1206 1438 1384 1509 Pastorem
1405 1441 1569 1512 Hember
1595 1441 1733 1534 ensem,
1760 1444 1802 1518 δε

486 1541 639 1636 Blafium
665 1543 827 1612 famum
855 1533 1093 1626 Steinensem,
1128 1537 1284 1630 purioris
1309 1533 1485 1608 doctrinae
1503 1463 1600 1610 sensi
1619 1539 1800 1612 illumina·

487 1655 567 1710 tum
594 1636 696 1710 luille
708 1635 890 1741 ‚discimus
916 1632 995 1722 (b),
1028 1632 1118 1704 adeo
1143 1652 1183 1704 ut
1201 1631 1274 1730 ipse
1292 1634 1442 1706 Senatus
1457 1635 1501 1706 ad
1519 1637 1656 1708 civium
1675 1658 1800 1734 precer

486 1752 566 1810 tum
593 1757 739 1833 quoque
761 1736 836 1833 jam
864 1728 1065 1803 pastoribus
1091 1730 1311 1825 injunxerit,
1345 1783 1374 1822 „
1390 1752 1434 1804 ut
1451 1731 1703 1826 uniformiter,
1729 1733 1805 1809 line

486 1884 515 1928 „
532 1832 782 1923 additamentis
809 1831 846 1904 dt
873 1826 1044 1900 dodlrinir
1070 1826 1279 1919 hominum,
1307 1828 1500 1928 Evangelii
1518 1833 1711 1926 puritatem
1731 1858 1801 1929 po·

487 1982 516 2024 „
535 1929 624 2027 pulo
651 1928 857 2003 Christiano
875 1926 1152 1998 annunciarent·
1171 1977 1200 2018 „
1233 1926 1348 2020 Qvod
1365 1926 1673 2025 prudentiffimum
1691 1931 1802 2003 Sena·

487 2047 545 2101 tur
562 2025 783 2125 Toggienfis
801 2025 1007 2114 decretum,
1029 2025 1252 2119 quorundam
1274 2027 1326 2097 ita
1343 2024 1459 2098 statim
1475 2025 1705 2100 exacerbavit
1721 2029 1799 2098 ani·

486 2145 611 2218 mum,
644 2144 687 2198 ut
709 2125 744 2196 hi
763 2147 802 2196 ea
819 2123 864 2194 de
880 2147 919 2196 re
934 2122 977 2193 ad
997 2119 1177 2194 Abbatem
1196 2121 1515 2216 San-Gallensem,
1540 2145 1649 2220 atque
1665 2123 1726 2199 hic
1744 2126 1801 2197 vi·

487 2220 597 2296 ciliim
608 2222 652 2296 ad
666 2221 779 2318 ipsum
792 2221 959 2294 Senatum
972 2217 1124 2312 referre,
1142 2218 1199 2292 sed
1213 2241 1348 2294 conatu
1358 2220 1709 2316 tamenfrustraneo,
1725 2209 1805 2297 bon

486 2319 757 2394 dubitaverint:
788 2320 875 2393 Fuit
900 2319 1000 2398 enim
1016 2341 1089 2389 non
1107 2317 1219 2390 modo
1236 2318 1326 2391 illud
1342 2318 1501 2394 edictum
1519 2319 1804 2415 confirmatum,

485 2417 544 2494 sed
564 2420 601 2494 dt
619 2417 663 2492 ab
680 2415 926 2493 accusatorum
945 2416 1144 2508 calumnia,
1165 2414 1382 2491 consessores
1397 2419 1590 2517 Evangelii
1607 2440 1687 2494 tum
1705 2439 1803 2494 tuta·

487 2533 546 2593 tur
564 2515 615 2591 est
633 2514 706 2615 ipse
724 2517 894 2594 Senatus:
922 2513 1051 2609 Quid?
1076 2513 1198 2612 quod,
1222 2537 1306 2588 cum
1325 2519 1529 2616 Saitenfiun
1545 2542 1691 2618 qnoque
1708 2519 1803 2593 Rea·

487 2614 638 2717 publica
653 2640 694 2690 ea
711 2614 755 2690 de
772 2639 810 2690 re
827 2638 974 2715 gravem
992 2610 1072 2687 sane
1089 2637 1132 2686 ac
1149 2614 1398 2689 vehementem
1417 2620 1461 2690 ad
1479 2641 1540 2692 eos
1554 2619 1746 2692 mitterete
1774 2620 1805 2690 i·

487 2712 639 2810 stolam,
657 2715 693 2788 in
711 2738 801 2813 qua,
821 2735 864 2787 ut
881 2710 902 2787 l
920 2712 1137 2823 Lutheranis
1155 2712 1193 2786 δι
1205 2711 1444 2810 Zwinglianis
1462 2713 1677 2790 factionibus
1694 2642 1771 2789 abs

485 2834 636 2906 nerent,
666 2836 795 2910 easque
820 2814 858 2886 vi
885 2813 923 2887 dt
949 2834 1056 2884 armta
1081 2811 1388 2905 comprimerent,
1420 2836 1482 2888 eos
1506 2813 1738 2908 hortabatur,
1764 2814 1806 2887 hi

485 2930 564 2987 eam
590 2913 780 3010 Zwinglio
806 2909 1081 3000 transmiserint,
1115 2908 1342 3005 Zwinglium
1369 2910 1648 3002 instimulantes,
1673 2930 1716 2983 ut
1733 2934 1803 3006 po·

486 3009 627 3109 pularer
653 3008 733 3082 suos
751 3014 839 3103 (erat
857 3009 952 3081 enim
970 3007 1000 3079 is
1017 3025 1101 3080 ortu
1118 3008 1156 3083 ὃ(
1172 3008 1360 3081 nativitate
1375 3006 1680 3107 Toggenburgenfis)
1699 3008 1734 3077 in
1754 3004 1801 3078 fi·

487 3103 663 3183 desemel
690 3106 813 3207 agnita
839 3103 1070 3183 confirmaret
1094 3124 1204 3203 atque
1229 3104 1506 3180 corroboraret:
1550 3106 1686 3202 Neque
1712 3100 1807 3175 verb

487 3224 568 3283 turn
587 3204 793 3302 Zwingliur
810 3202 873 3277 suo
890 3201 1004 3278 deelle
1021 3200 1167 3296 officio,
1193 3205 1280 3301 quin
1295 3204 1419 3302 potius
1437 3204 1619 3303 egregiam
1638 3200 1681 3273 ad
1692 3201 1802 3299 Tog-

516 3302 650 3379 cnsrum
688 3304 859 3378 Senatum
894 3322 1082 3400 totamque
1116 3325 1242 3376 eorum
1272 3301 1457 3377 ecclefiam
1483 3323 1627 3377 exarare
1653 3296 1802 3394 Episto-

486 3326 559 3481 ἐπι
580 3404 655 3499 (c):
692 3403 736 3477 ln
763 3425 832 3501 qua
858 3404 952 3477 inter
976 3402 1063 3496 alia,
1091 3402 1193 3498 prius
1217 3453 1245 3494 „
1263 3400 1298 3474 se
1324 3401 1485 3475 laetatum
1510 3398 1601 3492 else,
1626 3394 1804 3490 affirmat,

488 3555 517 3600 „
535 3501 634 3604 quod
651 3501 939 3603 exAEgyptiacis
956 3501 1188 3573 humanarum
1209 3498 1443 3573 traditionum
1462 3498 1617 3573 tenebris
1629 3496 1731 3569 Deus
1743 3522 1806 3570 eor

489 3652 518 3698 „
537 3600 704 3675 liberator
724 3603 761 3675 in
778 3602 908 3675 clarar'n
920 3598 1206 3676 &admirandam
1218 3598 1410 3695 Evangelii
1429 3597 1546 3670 lucem
1563 3593 1806 3695 produxisset,

490 3748 518 3795 „
538 3698 640 3794 cujus
658 3700 818 3773 claritate
838 3699 1055 3772 illuminatos
1073 3698 1213 3794 plenius
1231 3695 1379 3768 subinde
1398 3696 1436 3769 dt
1454 3696 1655 3769 evidentius
1671 3694 1805 3765 mirum

490 3845 520 3891 ιι
538 3794 628 3870 illud
656 3796 692 3871 ὃς
722 3796 935 3896 stupendum
959 3796 1092 3871 divinae
1110 3792 1293 3893 sapientiae
1312 3792 1503 3868 confilium
1521 3819 1583 3870 eoa
1600 3788 1805 3894 perspedlu·

1696 3940 1724 3983 ,‚
1743 3910 1811 3961 ros

1774 2717 1783 2731 .

1773 2741 1805 2788 ιι

530 4041 580 4123 (a)
605 4036 853 4109 SCULTET.
878 4039 961 4109 Dec.
981 4040 1007 4107 1.
1093 4090 1099 4102 .
1120 4055 1192 4122 203.

530 4129 582 4205 (b)
608 4122 856 4191 HOTTING.
882 4126 981 4191 Helu.
1006 4052 1116 4192 [sesi.
1139 4144 1169 4207 p.
1187 4141 1260 4203 210,
1279 4141 1350 4187 arr.

528 4212 580 4292 (c)
606 4206 659 4274 Ell
683 4228 718 4275 ca
742 4206 852 4308 scripta
874 4210 906 4274 d.
926 4209 1164 4361 1¹]Kalendar.
1188 4204 1324 4295 Augusti
1348 4204 1498 4292 A·1524.
1527 4219 1624 4292 atque
1638 4200 1754 4291 legitur
1770 4202 1811 4269 in

489 4288 646 4384 Operibus
663 4289 818 4381 Zminghi
833 4289 879 4364 T·
891 4288 916 4361 l.
947 4292 1169 4379 0¹·149·su<l·
1188 4317 1193 4326 ·
1261 4314 1263 4317 ⁴
