4442 5150
463 624 631 722 ΛΑΜ.
799 619 1441 701 ῙζΕΝΟῑῙΑΤῙ.
1515 588 1569 689 ι.
1699 646 1875 725 25¹„

460 758 530 834 sam
552 755 742 828 vernacula
760 755 882 855 lingua
900 755 1115 828 celebravit:
1144 752 1213 827 Sed
1233 757 1388 850 populus
1406 781 1450 829 eo
1469 777 1542 828 non
1560 773 1773 852 contentus,

458 857 600 953 plenam
622 855 754 927 coenae
776 856 984 926 Dominica:
1003 853 1266 926 restitutionem
1287 853 1486 949 flagitabat.

507 965 538 1038 §.
559 952 707 1024 XClV.
737 951 823 1024 Erat
841 976 949 1023 annus
967 950 1172 1022 millesimus
1188 949 1770 1048 quingentesimusvicelimustet·

459 1052 551 1140 tius,
578 1075 653 1147 quo
676 1049 910 1145 Magistratus
928 1048 1261 1139 BERNENSIS,
1288 1048 1384 1144 quod
1405 1051 1440 1120 in
1458 1048 1697 1144 superioribus
1716 1051 1772 1122 vi·

457 1149 597 1240 dimus,
618 1150 772 1243 primurn
787 1148 874 1219 illud
892 1151 926 1217 in
944 1145 1043 1219 causa
1053 1144 1424 1243 Religionisediclum
1440 1145 1693 1243 promulgabat
1703 1149 1771 1238 (a),

457 1297 485 1338 „
504 1270 549 1317 ne
577 1249 654 1342 quis
681 1264 813 1340 praeter
839 1248 1062 1341 Scripturam
1090 1246 1127 1316 S.
1154 1244 1347 1340 quidquam
1368 1268 1437 1340 pro
1454 1267 1578 1315 norma
1595 1243 1680 1315 {idei
1697 1268 1769 1340 po·

456 1344 592 1438 „pulo
620 1342 896 1440 proponeret„
940 1343 1046 1414 Brevi
1075 1337 1162 1413 vero
1190 1341 1269 1434 post
1297 1343 1401 1438 hujus
1426 1339 1533 1414 edicti
1551 1340 1770 1434 publicatio-

456 1465 561 1531 nem,
580 1443 800 1515 Berchtoldus
809 1442 972 1514 Halteras
990 1438 1061 1510 unzi
1079 1462 1161 1511 cum
1175 1437 1238 1510 lla.
1249 1441 1520 1531 Winenbachio,
1538 1437 1680 1510 Pastore
1691 1458 1769 1513 tum

420 1569 422 1574 ·
456 1539 668 1629 Biennenfi,
695 1539 732 1611 &
752 1540 995 1630 SebMeyero,
1012 1560 1095 1607 cum
1115 1536 1270 1633 Virgine
1289 1535 1473 1632 Religiosa
1492 1535 1620 1608 Insulae
1640 1537 1677 1610 S.
1690 1537 1769 1608 Mi·

456 1638 591 1708 chaelis
618 1641 706 1730 (quo
733 1636 877 1708 nomine
904 1634 1103 1706 celebratur
1129 1633 1341 1706 coenobium
1369 1633 1494 1726 urbis,
1528 1633 1623 1729 quod
1639 1635 1714 1730 jam
1732 1636 1770 1708 in

456 1734 769 1830 ptochodochium
789 1730 841 1804 est
857 1732 1167 1815 transformatum)
1186 1731 1231 1803 de
1245 1731 1469 1828 religioneac
1480 1731 1655 1804 coelibatu
1669 1731 1770 1804 insti⁶

456 1833 530 1903 tuit
553 1831 776 1925 colloquium
798 1828 878 1923 (b),
904 1853 985 1927 quae
1005 1830 1127 1916 resjta
1143 1829 1311 1900 Senatum
1331 1826 1540 1901 Bernensem
1560 1852 1769 1903 eommove-

455 1926 538 2020 bat,
564 1949 604 2001 ut
624 1929 782 2001 unanimi
801 1951 906 2024 paene
922 1923 1088 1999 consensu
1109 1925 1295 1999 Hallerum
1316 1927 1353 2000 &
1374 1927 1565 2022 Meyernm
1585 1927 1630 1999 ab
1643 1925 1769 2000 officio

455 2028 690 2099 removendos
709 2025 777 2100 e'ffe
795 2027 1024 2117 decerneret,
1043 2025 1157 2120 iisque
1175 2024 1266 2108 urbe
1283 2022 1350 2097 effe
1369 2024 1678 2118 interdicendum,
1698 2021 1771 2099 urii.

455 2147 538 2198 eum
567 2125 735 2197 omnibus
753 2127 829 2219 ejus
847 2120 1012 2195 fitllionis
1030 2120 1240 2196 doctoribus
1256 2143 1363 2218 atque
1380 2121 1580 2217 palloribus
1590 2123 1603 2209 ς
1632 2121 1771 2196 fuiss'et·

454 2243 525 2318 que
552 2220 639 2294 adeo
667 2223 851 2294 decretum
878 2221 949 2293 lroc
993 2243 1114 2317 uoque
1131 2219 1352 2292 exsecutioni
1372 2220 1518 2311 datum,
1545 2219 1609 2292 nifi
1627 2223 1712 2315 Joh.
1731 2222 1771 2294 de

454 2319 675 2418 Wingarten
686 2374 706 2413 ,.
718 2320 935 2394 Eberhardus
982 2322 1185 2409 tlemannus,
1205 2318 1335 2414 aliique
1354 2320 1459 2412 pauci
1477 2316 1772 2412 exProceribus,

453 2416 655 2513 Evangelio
673 2419 733 2511 qui
749 2417 937 2507 favebant,
955 2413 1385 2510 seeidemopposuillent,
1405 2435 1510 2508 atque
1521 2418 1597 2511 ejus
1608 2415 1692 2488 loco
1702 2441 1770 2488 no·

451 2538 538 2588 vum
551 2514 841 2588 condidiffenrde
854 2513 1417 2601 Halleroretinendodecretum,
1437 2513 1654 2586 cumaddito
1665 2514 1769 2612 gravi
1831 2593 1840 2602 ,

453 2632 573 2685 tamen
593 2611 804 2706 interdisto,
831 2665 857 2704 „
878 2636 922 2685 tre
941 2616 976 2684 in
995 2612 1176 2709 posterum
1194 2610 1368 2682 coenobio
1385 2609 1484 2683 disto
1499 2614 1551 2704 (c)
1573 2611 1645 2685 suas
1660 2610 1769 2686 infer·

452 2760 480 2802 ‚‚
500 2730 554 2781 ret
573 2710 783 2805 opiniones,
797 2708 1160 2807 autiplisvirginibus
1171 2707 1437 2806 colloquiissuis
1447 2708 1615 2780 molestus
1624 2708 1769 2804 effetz„

504 2808 861 2880 Commemoratione
894 2829 1013 2881 autem
1049 2807 1260 2902 cumprimis
1294 2806 1345 2877 est
1377 2806 1553 2903 dignum,
1598 2805 1696 2902 quod
1724 2805 1770 2879 de

451 2903 732 2979 Reformatione
765 2902 984 2999 notiffimae,
1028 2905 1063 2975 in
1092 2926 1179 3002 agro
1206 2902 1373 2976 Bernenli
1403 2902 1501 2975 urceo
1529 2902 1769 3000 Kin-igsfeldc,

453 3004 621 3078 Abbatiae
651 3004 722 3078 five
750 3006 962 3077 Conventus
989 3002 1169 3100 virginum
1196 3026 1242 3074 ex
1267 3005 1381 3101 prima
1399 3001 1587 3075 nobilitate
1604 3001 1770 3099 spiritua·

451 3100 561 3196 lium,
582 3103 686 3177 nobis
705 3103 854 3175 relatum
874 3100 944 3173 est:
966 3102 1147 3199 Legerant
1161 3102 1255 3175 enim
1267 3125 1312 3173 ex
1329 3104 1620 3198 hisnonpaucae,
1639 3100 1769 3175 Zwin·

451 3198 489 3270 lii
514 3204 551 3275 &
572 3202 725 3274 Lutheri
746 3202 790 3273 de
809 3198 996 3271 Libertate
1014 3201 1216 3274 Christiana
1234 3200 1367 3293 libros,
1395 3197 1515 3297 licque
1534 3200 1769 3294 Evangelicae

452 3297 626 3371 doflrinse
647 3299 790 3396 gullum
812 3318 1002 3394 ceperant,
1028 3297 1118 3371 adeo
1137 3322 1177 3372 ut
1196 3322 1240 3370 ex
1260 3300 1302 3370 iis
1319 3323 1389 3370 una
1405 3302 1609 3396 Margareta
1628 3296 1768 3367 Watte·
1836 3390 1838 3395 Ι

452 3398 552 3464 wilia
573 3398 627 3483 (d)
656 3398 768 3491 ipsum
798 3396 1023 3491 Ztvinglium
1052 3397 1162 3468 literis
1181 3420 1324 3489 quoque
1343 3401 1507 3487 A··152s·
1533 3392 1768 3482 compellaret
1826 3410 1831 3431 ¹

453 3508 559 3581 atque
579 3493 781 3565 laetabunda
800 3493 1008 3584 testaretur,
1034 3544 1061 3584 ,‚
1079 3492 1112 3565 se
1130 3491 1325 3587 accepille,
1354 3493 1450 3587 quod
1467 3486 1688 3579 Evangelica
1703 3499 1766 3560 veh

452 3636 478 3678 „
500 3586 582 3657 ritas
611 3612 673 3682 per
699 3593 775 3687 ejus
799 3591 1091 3689 pradicationem
1115 3591 1238 3661 multis
1256 3589 1372 3660 modis
1391 3601 1687 3683 promoveretur,
1714 3583 1766 3682 seg

1069 3688 1109 3759 Ii
1138 3712 1159 3760 z
1649 3734 1677 3777 ,‚
1696 3705 1767 3783 que

494 3872 543 3949 (a)
569 3866 840 3938 STETTLER.
872 3879 905 3940 in
938 3877 992 3941 der
1025 3869 1291 3954 Nuchtltiadiscbe
1316 3866 1495 3951 Gescbichte
1511 3888 1547 3957 p.
1565 3871 1639 3952 625.
1678 3866 1765 3938 conf·

451 3954 481 4036 i
494 3953 855 4124 (iiiffffiiissi.
866 4056 934 4121 177·
961 4040 1234 4108 SCHEURER.
1254 4040 1320 4105 Vlt.
1340 4040 1462 4105 Haller.
1480 4063 1509 4125 p
1521 4057 1591 4124 343.
1609 4029 1679 4122 sq'q.

496 4129 547 4206 (c)
574 4123 647 4189 Dera
672 4122 883 4188 Predikanten
905 4126 974 4188 aber
984 4129 1101 4213 §egens
1125 4128 1179 4187 das
1188 4127 1224 4211 sy
1235 4147 1309 4213 yrer
1326 4125 1464 4193 cautae!
1478 4127 1679 4209 alteramenta,
1702 4119 1772 4185 und

453 4206 503 4267 les
520 4210 651 4288 Clostsrs
668 4208 794 4291 mueffig
788 4206 890 4358 §aba
897 4208 1012 4291 fallen,
1037 4212 1100 4275 vid.
1119 4208 1283 4274 Scheurer.
1305 4213 1335 4273 l.
1354 4230 1383 4275 c.
1404 4212 1437 4297 Ρ.
1457 4208 1529 4294 348.
1577 4214 1579 4219 ’
1712 4244 1715 4255 2

495 4292 547 4372 (d)
570 4286 601 4357 v.
622 4291 783 4364 HOTTl
828 4291 872 4359 G.
896 4291 968 4359 see.
986 4294 1086 4362 XVI.
1110 4292 1149 4359 P.
1167 4293 1283 4379 1v..p.
1299 4313 1371 4361 221.
