4442 5150
504 624 573 702 19⁶
689 571 1552 685 ursrsonrnavnrron'trr
1632 604 1800 708 nme.

499 790 528 834 „
538 761 639 831 rum,
656 755 698 812 ut
715 728 847 834 absque
864 733 1101 810 mistricordia
1119 731 1332 830 perdantur:
1355 733 1640 831 quandoquidem
1658 737 1799 835 sangui·

500 833 635 932 „sugae
646 833 1037 930 insatiabilerquiescere
1047 831 1205 924 nolint„
1218 829 1384 923 ‚Epistola
1395 831 1473 904 hacc
1483 831 1525 904 ad
1536 831 1738 1001 Georgpum
1751 837 1801 926 (a)

499 930 669 1005 saxoniae
688 931 830 1003 Ducem
850 926 1039 1026 perfertur.
1082 927 1119 1000 lt
1136 926 1177 999 ad
1198 925 1401 1000 Eledtorem
1421 927 1586 1000 Saxoniae
1601 929 1649 1022 Jo
1676 955 1803 1007 annem

500 1028 708 1124 exemplum
734 1027 872 1118 mittit,
904 1022 1136 1123 quaestionem
1165 1022 1202 1093 in
1230 1023 1433 1096 Lutherum
1447 1024 1602 1099 decerni
1624 1025 1803 1123 postulat,

498 1121 620 1195 literas
638 1118 740 1195 valde
760 1124 911 1194 minaces
930 1119 1039 1191 addit.
1081 1117 1263 1191 Lutherus
1282 1119 1456 1213 Epistolae
1475 1117 1545 1192 suae
1565 1124 1805 1216 patrocinium

501 1215 607 1315 plani
632 1219 874 1292 Rhetoricum
902 1215 1066 1310 suscipit,
1099 1213 1215 1305 libro,
1250 1237 1358 1307 quem
1384 1219 1547 1289 drziiterir
1563 1224 1696 1292 arcanis
1691 1219 1805 1386 (urta

491 1312 641 1411 sublatis
659 1312 819 1386 adversus
839 1312 1041 1407 Georgium
1063 1311 1227 1384 Saxoniae
1248 1310 1390 1383 Ducem
1412 1310 1466 1404 (b)
1485 1310 1608 1384 edidit.
1644 1314 1687 1410 lp
1703 1339 1723 1387 c
1741 1339 1804 1389 au·

497 1426 574 1483 tem
586 1410 739 1482 Packius
758 1433 829 1480 non
847 1409 954 1480 alium
975 1409 1079 1501 hujus
1096 1404 1118 1478 ὲ
1134 1405 1167 1479 se
1183 1407 1356 1478 excitatur
1371 1405 1500 1478 fabulae
1513 1408 1604 1480 vtulit
1622 1408 1804 1510 frustum,

497 1529 604 1603 quam
625 1527 665 1578 ut
684 1503 776 1600 apud
797 1504 1061 1600 Landgravium
1081 1497 1200 1598 primii
1217 1503 1348 1574 carceri
1367 1500 1541 1593 inclusus,
1560 1503 1639 1599 post
1659 1508 1804 1601 quidem

498 1627 545 1678 ex
571 1602 634 1674 iilo
657 1602 884 1691 liberaretur,
903 1625 943 1672 ac
982 1605 1025 1671 'er
1042 1622 1150 1671 annos
1167 1598 1303 1692 aliquot
1320 1598 1404 1670 hinc
1423 1598 1506 1670 inde
1521 1599 1721 1696 oberraret,
1747 1627 1806 1678 ut·

499 1722 569 1794 que
593 1698 677 1770 dum
709 1700 752 1770 A.
777 1708 877 1788 1536.
912 1623 1121 1769 audioritate
1147 1695 1304 1790 Reginae
1334 1695 1473 1766 Mariae.
1489 1695 1619 1767 iterum
1638 1715 1806 1795 compre·

499 1793 644 1964 pensus,
669 1792 740 1865 live
759 1792 995 1885 Mechliniae,
1014 1789 1085 1863 five
1103 1791 1336 1887 Antverpiae,
1362 1790 1494 1864 ibidem
1514 1792 1641 1889 capitis
1659 1819 1805 1891 poenam

516 1909 629 1963 ueret.

548 1998 581 2075 §.
600 1983 769 2058 LXXX.
805 1984 873 2056 Sed
902 1981 1004 2057 misso
1031 1982 1102 2055 hoc
1130 1983 1319 2076 tumultu,
1352 1983 1414 2078 qui
1441 1983 1478 2055 in
1504 1985 1670 2080 graviora
1695 1984 1806 2087 longe
1859 1972 1869 1990 ’

500 2082 596 2167 ,mala
620 2081 811 2153 redundare
828 2079 1016 2175 potuisset,
1042 2100 1124 2152 ante
1141 2082 1260 2152 omnia
1278 2099 1440 2153 notamus
1459 2079 1711 2156 Visitatiouem
1730 2083 1806 2157 Ec·

502 2172 729 2250 clc'srasticam
757 2179 792 2247 in
819 2179 920 2249 terris
949 2177 1133 2250 Saxonicis
1159 2176 1331 2272 superiori
1355 2200 1448 2249 anno
1475 2177 1701 2273 inchoatam,
1734 2181 1806 2254 hoc

501 2297 576 2346 non
601 2269 714 2347 soliun
741 2271 842 2346 suisic
868 2276 1135 2365 continuatam,
1168 2272 1225 2345 sed
1253 2273 1289 2348 &
1317 2273 1504 2369 publicato
1522 2276 1575 2370 (c)
1593 2275 1808 2352 visitationis

499 2370 647 2444 decreto
666 2369 909 2443 confirmatam
930 2372 967 2445 &
986 2372 1140 2443 maxima
1157 2392 1202 2442 ex
1220 2390 1319 2466 parte
1335 2368 1529 2444 absolutam
1547 2370 1670 2461 suisse5
1699 2373 1807 2449 Dici·

499 2484 560 2540 tur
579 2486 695 2540 autem
715 2468 810 2539 illius
827 2466 1040 2541 visitationis
1058 2465 1305 2563 maximopere
1323 2486 1473 2562 propter
1486 2466 1660 2544 inscitiam
1670 2469 1805 2544 docen-

499 2564 591 2638 tium
619 2565 658 2640 &
686 2562 959 2663 improbitatem.
978 2563 1198 2657 necessariae,
1219 2562 1276 2659 (*)
1300 2557 1449 2638 effeetus
1474 2566 1503 2639 is
1519 2589 1664 2665 quoquc
1681 2564 1805 2664 fuisse,

499 2680 542 2736 ut
559 2661 742 2737 Lutherus
758 2661 802 2736 ad
816 2661 1056 2738 adornandum
1068 2662 1123 2758 (d)
1142 2662 1589 2761 Catechismumrrtrumque,
1607 2666 1671 2762 qui
1679 2667 1806 2741 ctiam·

538 2816 590 2895 (a)
614 2810 859 2905 SCULTET.
877 2814 995 2879 Annai.
1013 2811 1096 2892 Dec.
1107 2813 1151 2879 11.
1168 2833 1197 2895 p.
1209 2809 1280 2891 178.
1718 2788 1807 2838 ⁰⁰¹²

539 2899 592 2976 (b)
617 2895 671 2962 De
694 2898 738 2959 his
760 2898 907 2960 omnibus
925 2892 1323 2960 MELANCHTHON
1337 2893 1376 2957 ad
1392 2891 1610 2959 Camemrium
1627 2898 1708 2975 (vid.
1726 2897 1804 2961 Mc·

498 2980 635 3041 lanchen.
651 2976 747 3061 Epist.
764 2973 836 3038 Lib.
855 2978 916 3040 IV.
940 2990 1033 3054 n.71.
1077 2992 1126 3058 ag.
1143 2976 1217 3054 665.
1240 2974 1313 3038 edit.
1330 2973 1489 3057 Londin.)
1512 2975 1688 3041 inscribit:
1713 2976 1805 3047 Deus

472 3110 475 3113 .
498 3058 631 3138 corrigat
646 3056 804 3137 ejusmodi
819 3060 985 3151 ,parfia
1002 2997 1114 3121 nodra.

504 3219 508 3226 .
539 3146 955 3297 (⁰)·SE⁰KEN¹}⁰R¹{i
971 3150 1048 3215 nil.
1065 3148 1282 3233 §.xxxvi
1299 3151 1323 3217 s.
1337 3169 1408 3216 roo.
1431 3152 1475 3220 cf.
1492 3151 1805 3239 quenuxxvu.

497 3245 699 3412 sigili&
739 3248 876 3412 iiiios?
896 3252 966 3416 bp'
985 3313 1057 3414 uro.
1076 3316 1138 3382 ιν.
1163 3314 1190 3383 Ε
1214 3314 1293 3398 .58.
1316 3317 1370 3383 uu
1386 3317 1425 3382 ue
1441 3318 1549 3405 serpso.
1580 3318 1648 3407 Ego
1665 3322 1698 3385 n
1714 3323 1806 3388 more·
1898 3299 1901 3305 “

489 3399 629 3484 stiffimrs
644 3416 772 3487 negatus
807 3398 949 3485 inteiligit
965 3399 1172 3498 vufitationem
1189 3339 1420 3483 Ecclesiatum)
1437 3401 1491 3466 hoc
1505 3419 1656 3489 ternpore,
1678 3406 1719 3478 ὓ*
1736 3411 1806 3496 qui-

496 3484 566 3547 dem
589 3481 671 3549 nullo
696 3505 765 3548 cum
798 3483 909 3565 ruder,
931 3500 1083 3573 quantum
1098 3485 1206 3566 uideo,
1229 3486 1342 3566 versor.
1380 3486 1549 3567 Adedsunt
1564 3489 1665 3550 omnia
1678 3505 1805 3574 pertur-

496 3568 587 3647 bata,
605 3569 724 3652 partim
740 3567 862 3646 inscitia
879 3568 1051 3631 docentium
1086 3570 1182 3631 artim
1198 3570 1402 3654 improbitate.
1775 3610 1778 3613 -

499 3582 1807 3812 ..amrrotundaretur.1¹¹·{araur-

696 3778 702 3792 .
750 3778 756 3791 ·
798 3766 805 3793 ’.
1015 3781 1023 3798 .
1209 3781 1216 3797 .
1306 3781 1314 3796 .
1422 3782 1429 3796 ·
1477 3784 1483 3797 .
1557 3769 1569 3781 ·
1638 3783 1645 3796 ·
1692 3757 1713 3800 0
1791 3770 1806 3786 ·

497 3810 610 3899 plebiis
623 3812 715 3910 'libris
737 3812 925 3898 Polemicis,
981 3836 1039 3883 uos
1055 3818 1202 3883 adversus
1220 3816 1425 3897 Pontificius,
1450 3757 1690 3903 inemptum?
1705 3759 1735 3883 ἓ
1750 3757 1806 3884 dd-

496 3895 604 3960 versus
621 3894 723 3978 ipsum
739 3894 941 3983 Zwinglium
999 3900 1289 3983 Oecolampadium
1306 3899 1375 3965 stilo
1391 3900 1487 3965 edidit
1503 3920 1613 3968 nonus
1639 3923 1679 3967 ue
1704 3921 1805 3983 uaque

497 3981 536 4045 ad
549 3976 802 4076 modepationem
817 3984 1005 4067 composito.
1030 3982 1133 4050 Unde
1149 3984 1187 4047 de
1202 4002 1242 4049 eo
1256 4000 1327 4049 tum
1340 3982 1407 4064 jam
1425 3922 1673 4050 MELANdH
1712 3983 1756 4047 Η.
1774 3985 1808 4048 in

498 4061 594 4145 Epist.
618 4058 691 4126 Lib.
711 4061 773 4125 lv.-
794 4082 841 4145 ep.
860 4065 913 4148 65.
936 4088 967 4150 p.
985 4063 1058 4147 658.
1083 4065 1123 4130 ita
1137 4067 1175 4131 ad
1194 4062 1382 4131 Erasmum:
1422 4116 1444 4149 ‚,
1461 4067 1573 4150 Quem
1589 4066 1646 4148 (de
1663 4062 1808 4131 Luthero

498 4194 521 4228 ,‚
539 4145 696 4224 loquitur)
723 4143 852 4228 quidem
871 4149 973 4212 virum
991 4168 1051 4233 ego
1067 4149 1235 4213 meliorem
1251 4146 1312 4213 effe
1329 4149 1463 4229 judico,
1487 4167 1585 4233 quam
1601 4146 1703 4227 qualis
1720 4148 1807 4216 uide*

499 4277 522 4316 „
538 4245 587 4297 rur
604 4229 728 4298 sacieuti
745 4230 784 4297 de
800 4249 839 4296 eo
856 4228 874 4312 J
879 4230 1020 4299 odicium
1038 4250 1077 4299 ex
1094 4232 1155 4300 illis
1171 4230 1317 4301 violentis
1334 4232 1547 4319 scriptionibus
1562 4227 1664 4315 ipuur.
