4442 5150
423 614 592 719 affl.
783 612 1431 692 Renovare
1623 552 1746 722 'm

313 800 315 804 ι
419 802 447 844 „
467 748 614 839 dentia,
647 743 827 843 postulare
852 767 895 819 ut
920 747 956 818 in
980 742 1166 842 scripturis
1193 745 1267 817 Dei
1293 745 1382 838 alia,
1415 743 1523 843 quim
1551 769 1594 821 ex
1624 748 1751 847 ipsius.

392 929 395 931 ‚
420 900 449 943 „
468 846 654 944 scripturae
674 844 791 918 verbis
810 845 922 940 petita
943 843 1190 939 interpretatio
1208 843 1417 916 admittatur
1461 841 1546 919 ciam
1565 870 1646 943 quae
1662 850 1734 923 Dei

422 997 449 1040 „
468 943 572 1034 sunt,
607 966 713 1015 nemo
739 941 883 1034 noscat,
917 939 981 1011 nisr
1010 940 1165 1038 Spiritus
1186 938 1282 1012 Dei?
1319 941 1388 1012 Sed
1404 896 1488 1049 ⁸
1505 945 1734 1038 quaerebatur

423 1093 451 1136 „
470 1043 521 1114 illi
549 1039 691 1114 occasro
718 1036 737 1112 ὲ
764 1064 886 1140 pugna
910 1037 1112 1131 dilabendi,
1141 1060 1256 1133 neque
1273 1036 1443 1110 Praefides
1460 1039 1733 1137 disputationis,

417 1162 583 1235 „neque
610 1135 816 1210 clariffimus
844 1139 991 1211 Senatus
1014 1135 1197 1207 homiuem
1216 1158 1364 1220 exorare
1381 1154 1601 1233 potuerunt,
1625 1159 1668 1212 ut
1686 1164 1733 1214 ex

421 1290 450 1333 „
469 1238 666 1332 Scripturis
683 1235 891 1331 disputaret.
918 1235 975 1306 Ibi
996 1229 1082 1307 verb
1102 1257 1189 1326 nos,
1217 1232 1265 1304 V.
1284 1233 1419 1328 Capito
1435 1234 1471 1306 ἃ
1486 1258 1578 1333 ego,
1597 1235 1618 1308 a
1636 1234 1733 1334 prae·

419 1388 448 1430 ,‚
471 1334 601 1407 fidibus
620 1331 755 1406 obnixe
774 1335 975 1425 oravimus,
1001 1352 1042 1403 ut
1061 1331 1331 1427 permitteretur
1345 1332 1378 1403 ei
1396 1330 1730 1430 objicerequidvis3

420 1485 448 1528 „
465 1457 530 1506 nos
554 1428 695 1505 tantiam
723 1430 945 1524 responsuros
970 1428 1013 1501 ad
1040 1451 1102 1521 ea,
1136 1451 1217 1524 quae
1246 1425 1483 1525 eScripturis
1501 1429 1594 1503 visus
1613 1431 1733 1508 fuisset

421 1582 450 1626 „
469 1548 598 1605 contra
615 1531 679 1602 no's
693 1529 864 1623 jaculari:
892 1527 948 1600 sed
967 1525 1131 1610 obstabat
1151 1528 1209 1598 lex
1227 1524 1496 1624 disputationis,
1526 1527 1562 1602 ὅ(
1581 1529 1732 1606 Senatus

420 1680 448 1722 „
469 1627 590 1701 videns
613 1628 725 1725 quaeri
743 1626 857 1698 ansam
876 1623 1085 1698 extrahendi
1103 1642 1267 1719 tempus,
1294 1623 1329 1695 id
1349 1626 1557 1720 permittere
1575 1627 1730 1702 nolebat.

422 1777 450 1819 „
468 1728 570 1798 Tum
597 1747 714 1798 autern
739 1725 919 1796 oravimus
937 1722 1154 1819 Tregarium
1173 1719 1317 1811 multis,
1343 1723 1382 1794 ὃ(
1400 1721 1489 1795 duos
1505 1747 1550 1796 ex
1570 1724 1733 1822 praesrdi·

421 1873 449 1915 „
469 1820 534 1916 bus
559 1821 800 1918 intercessores
818 1820 1067 1910 adhibuimus,
1093 1838 1157 1909 ut,
1185 1817 1209 1889 sa
1231 1817 1349 1890 nostra
1365 1818 1441 1892 aliis
1459 1818 1565 1917 quarn
1585 1847 1629 1896 ex
1646 1822 1732 1897 scri·

421 1971 448 2014 „
467 1935 571 2016 ptura
596 1920 710 1994 dusiis
739 1917 935 1993 rationibus
961 1915 994 1988 se
1020 1915 1289 1989 confutaturum
1309 1915 1485 2014 speraret,
1514 1925 1622 2015 (quan
1650 1945 1731 1996 uam

301 2079 306 2084 .
421 2068 448 2111 „
466 2042 511 2091 ex
536 2017 707 2111 scriptura
732 2019 887 2091 docente
917 2015 1091 2112 quicquid
1117 2013 1318 2101 bonum&
1344 2037 1467 2087 verum
1495 2015 1576 2111 est,
1617 1944 1732 2094 abun·

418 2167 446 2212 „
464 2112 509 2188 de
537 2114 641 2213 poffit
668 2115 871 2208 confutari,
908 2113 1081 2208 quicquid
1109 2112 1242 2186 malum
1270 2112 1308 2187 &
1330 2110 1454 2186 falsum
1472 2112 1569 2205 est:)
1595 2137 1638 2190 ut
1655 2118 1732 2194 ilias

419 2263 447 2307 „
466 2214 727 2305 conscriberet,
759 2239 823 2285 nos
850 2213 994 2285 daturos
1021 2233 1189 2307 operam,
1216 2229 1258 2284 ut
1276 2209 1560 2303 excuderentur,
1588 2215 1732 2290 tantiam

419 2362 447 2406 „
466 2312 502 2384 in
522 2310 672 2408 praesens
690 2311 800 2386 vellet
817 2311 995 2383 axiomata
1013 2305 1220 2404 proposita,
1241 2330 1286 2380 ex
1308 2307 1528 2403 Scripturis,
1550 2309 1574 2382 fi
1593 2312 1731 2408 posset,

419 2459 447 2501 „
467 2433 691 2504 oppugnare.
733 2410 834 2480 Nam
862 2410 897 2480 in
924 2407 1050 2504 primis
1077 2404 1228 2478 duobus·
1244 2404 1432 2478 axiomatis
1453 2407 1731 2505 continebatur,

416 2557 446 2601 „
467 2503 640 2601 quicquid
659 2521 784 2577 contra
802 2528 881 2578 eum
902 2529 966 2579 nos
984 2502 1128 2603 quidem
1149 2501 1385 2595 habebamus,
1410 2526 1540 2603 nempe
1549 2505 1592 2580 de
1601 2509 1732 2592 autho·

420 2654 447 2697 „
468 2606 572 2675 ritate
590 2596 764 2676 Ecctcfiae
785 2602 821 2677 &
842 2604 1107 2678 Conciliorum.
1136 2602 1206 2675 Sed
1227 2625 1338 2699 quum
1359 2603 1556 2701 Scripturis
1572 2607 1729 2704 valeret,

421 2750 448 2794 „
467 2719 640 2795 quantum
659 2701 716 2775 sua
734 2700 932 2799 paradoxa,
954 2702 990 2775 ὃ(
1009 2722 1090 2796 quae
1109 2697 1287 2797 disputata
1302 2698 1346 2772 ab
1364 2698 1439 2796 ipso
1458 2698 1534 2773 aaa
1552 2703 1730 2800 reserent,

419 2850 447 2894 „
466 2798 660 2892 testantur,
695 2798 833 2889 frustra
848 2800 1031 2872 hominem
1061 2800 1261 2872 oravimus:
1298 2822 1371 2896 quo
1396 2796 1474 2871 satis
1492 2797 1638 2874 testatus
1655 2801 1729 2897 est,

419 2949 447 2992 „
467 2896 501 2969 id
520 2895 553 2970 se
572 2920 642 2969 non
662 2895 836 2995 potuisse,
854 2921 969 2994 eoque
988 2893 1106 2969 nostra
1124 2921 1229 2989 vera,
1251 2897 1288 2972 δι
1304 2899 1411 2994 juxta
1429 2897 1631 2998 Scripturas
1649 2897 1731 2974 effe.
1776 2983 1779 2988 ¹

340 3021 343 3026 ·
418 3049 446 3091 „
466 2994 656 3095 Qricquid
683 2996 863 3093 glorietur
889 2997 947 3069 vel
976 2993 1068 3092 ipse,
1100 2995 1159 3068 vel
1177 2996 1259 3087 alii,
1286 2995 1323 3069 dt
1342 2994 1515 3092 quicquid
1534 2997 1734 3075 mentiatur

419 3145 445 3188 „
466 3094 546 3184 iile,
573 3098 676 3190 cujus
694 3095 864 3185 memini,
888 3090 1037 3189 ἀνώνυμος
1053 3093 1208 3191 scriptor
1224 3092 1414 3190 Epistolae.
1440 3093 1526 3167 Post
1544 3097 1623 3169 hacc
1639 3121 1733 3194 ergo

417 3242 446 3286 „
464 3192 691 3289 propofitum
707 3191 899 3266 secundum
911 3189 1146 3286 axiomafuit,
1161 3195 1350 3268 continens
1361 3195 1730 3287 Ecriastamnasladare

418 3342 445 3385 „
461 3312 646 3386 precepta,
672 3316 744 3388 quae
763 3316 825 3363 non
842 3315 881 3361 ex
899 3290 998 3360 aerbo
1017 3290 1089 3362 Dei
1105 3310 1250 3365 manent.
1285 3291 1425 3364 Contra
1444 3293 1536 3381 hoc,
1557 3313 1644 3360 cum
1665 3290 1730 3381 iis,

418 3411 554 3480 „quos
579 3390 867 3477 nominavimus,
902 3384 1046 3479 quidam
1072 3407 1319 3481 cognomento
1345 3388 1490 3480 Litera,
1525 3385 1726 3479 (Buchstab)

415 3481 706 3582 „ludimagister
727 3479 987 3581 Zosingensrs,
1021 3482 1267 3578 impudentior
1288 3482 1424 3554 nescias
1449 3506 1493 3554 an
1518 3479 1726 3578 indubiior,

417 3630 446 3673 „
464 3597 657 3675 utrumque
675 3581 773 3656 cert&
793 3577 985 3679 insignite,
1003 3601 1205 3677 quanquam
1223 3577 1308 3653 alias
1327 3581 1438 3650 homo
1455 3598 1640 3673 appareret
1658 3581 1728 3654 tni·

418 3728 445 3772 „
465 3670 563 3746 nime
590 3679 721 3752 malus:
758 3679 795 3754 ἃ
814 3677 985 3776 AEgidius
1002 3676 1147 3776 quidam
1166 3675 1367 3767 sacrificus,
1393 3675 1436 3748 ad
1454 3677 1726 3754 contentionem

418 3827 446 3870 „
465 3792 591 3864 natus,
626 3775 744 3847 &alii
771 3777 957 3869 nonnuiii,
984 3799 1211 3874 quaeeunque
1238 3776 1438 3869 scripturae
1466 3798 1666 3851 memorant
1684 3778 1729 3854 de

417 3870 719 3970 „traditionibus
747 3874 1031 3970 Apostolorum,
1057 3874 1101 3947 de
1118 3872 1287 3971 jejuniis,
1313 3872 1501 3968 precibus,
1528 3873 1729 3971 coelibatu,

415 4024 443 4068 „
463 3971 501 4045 &
528 3968 564 4042 id
589 3993 724 4068 genus,
750 3969 893 4046 fortiter
911 3973 1147 4069 objecerunt:
1174 3970 1230 4042 sed
1248 3971 1331 4066 quia
1347 3995 1392 4043 ex
1412 3972 1453 4045 iis
1470 3974 1637 4048 omnibus
1654 3999 1727 4049 non

414 4122 444 4165 „
464 4089 662 4167 potuerunt
681 4067 851 4163 probare,
875 4074 934 4166 jus
952 4091 1109 4163 unquam
1129 4068 1335 4141 bominibus
1352 4067 1509 4166 fabium,
1534 4093 1577 4144 ut
1596 4073 1673 4143 haec
1683 4070 1728 4146 ad

415 4217 443 4263 „
462 4187 561 4245 certa
586 4169 689 4264 ioca,
724 4166 945 4265 tempora&
963 4162 1126 4339 ρετᾷηιε
1144 4164 1428 4271 adstringerent,
1452 4191 1531 4249 tum
1548 4191 1594 4244 ex
1611 4169 1728 4338 ipin-

424 4293 428 4297 ⁴
1065 4286 1088 4363 Υ
1119 4284 1135 4363 3
1581 4319 1608 4362 ra
1657 4286 1732 4339 stu*
