4442 5150
399 648 569 745 Aurea.
673 644 767 720 'R
817 640 853 715 E
903 641 945 716 N
996 644 1034 718 O
1083 642 1123 721 V
1172 644 1296 719 A'T
1345 645 1379 722 I.
1500 664 1531 674 ··
1640 676 1707 754 ¹35

396 766 610 866 cumprimis
632 786 808 864 gnarum
849 760 886 835 Is
912 759 922 830 i
952 761 1046 857 itur,
1076 760 1123 838 de
1145 764 1331 851 uoluntate
1355 765 1511 840 Comitis
1527 770 1704 868 templum
1757 754 1760 761 ’

396 863 569 1036 ὶηῇῐείῖυε
588 862 758 961 Neobnrgi
774 855 890 970 (quod
906 783 957 930 ed
971 857 1170 959 ampliffimi
1186 861 1392 954 Comitatus
1410 866 1705 982 primariumop·

394 955 1703 1158 llll},illitilllllffslxasliifllllllllil,’1333

394 1165 482 1232 mina
507 1157 648 1254 Jodoco,
680 1178 719 1227 ut
744 1175 776 1225 te
799 1156 839 1229 ῤ’
861 1173 930 1223 tuos
945 1151 1311 1252 mendaciiarguerem:
1342 1154 1413 1226 ideo
1431 1155 1486 1227 dic
1502 1182 1538 1228 ru
1548 1160 1702 1255 perverse

394 1257 581 1342 Mammiae,
614 1251 715 1349 idque
733 1254 845 1347 palam
870 1275 979 1320 coram
994 1270 1065 1321 tota
1079 1251 1225 1345 Ecclefia
1240 1251 1323 1336 hac,
1353 1248 1412 1321 nbi
1426 1257 1552 1350 quando
1571 1259 1611 1332 ῤ’
1626 1264 1702 1352 qui.

394 1355 455 1428 bus
469 1361 504 1425 in
521 1358 596 1425 locis
610 1356 739 1423 erravit
754 1347 945 1420 huelem?
968 1346 1168 1421 Obmutuit
1186 1349 1390 1423 Monachus
1407 1352 1444 1424 ὃς
1460 1352 1551 1424 clam
1564 1351 1698 1452 desug·
1759 1385 1761 1387 ·

393 1452 496 1552 gestu
520 1447 731 1525 descendens
754 1446 826 1519 alib
851 1443 1047 1542 profugit,
1080 1468 1262 1543 nunquam
1285 1447 1322 1517 in
1347 1447 1572 1521 Comitatum
1592 1450 1700 1525 istum

395 1548 563 1624 reversus.
616 1545 789 1618 Adrianus
804 1540 970 1641 proxima
986 1542 1163 1616 concione
1179 1542 1384 1642 suggestum
1400 1545 1627 1641 conscendit,
1644 1567 1699 1622 at·

398 1671 467 1743 que
501 1645 740 1743 disputatione
772 1636 920 1737 publica
943 1636 977 1709 se
998 1638 1214 1714 Pontificios
1240 1664 1375 1713 errores
1402 1642 1699 1738 confutaturum,

395 1743 550 1817 Lutheri
574 1742 746 1840 dogmata
767 1734 1024 1834 probaturum,
1056 1735 1180 1810 edicit.
1233 1735 1304 1810 Sed
1331 1738 1524 1813 Monachis
1540 1740 1698 1838 disputa·

396 1842 533 1915 tionem
552 1834 835 1937 refugientibus,
852 1832 985 1905 Comes
1002 1831 1146 1926 Jeme
1164 1854 1228 1932 per
1241 1833 1393 1908 eundem
1405 1835 1500 1910 hunc
1510 1840 1701 1913 Adrianus»

397 1937 544 2032 Millas,
578 1935 756 2034 Vigilias,
789 1929 1042 2004 invocationes
1065 1927 1289 2024 sanderum,
1323 1932 1493 2007 &totum
1514 1935 1698 2014 abomina÷

397 2036 535 2109 tionum
563 2030 834 2107 Pontificiarum
858 2028 966 2102 chaos
980 2025 1121 2121 abolet,
1153 2028 1303 2101 Adriano
1320 2029 1493 2104 Ecclefiae
1509 2035 1546 2105 in
1560 2035 1700 2132 oppido

398 2130 512 2230 Hoya
539 2130 677 2229 pastore
700 2126 878 2201 declarato
935 2125 1067 2197 interea
1092 2126 1179 2198 dum
1204 2130 1338 2226 Cyriaco
1358 2130 1453 2222 Heffi
1473 2130 1517 2202 ab
1543 2131 1700 2206 Alberto

398 2228 644 2302 Mansfeldico
661 2225 809 2300 Comite
822 2222 866 2294 ad
882 2178 917 2295 ie
933 2219 1058 2314 millo,
1075 2223 1183 2297 aulici
1199 2227 1483 2317 concionatoris,
1502 2227 1558 2299 M.
1577 2228 1701 2324 Jodoco

399 2333 563 2398 Crammio
580 2323 600 2397 d
616 2326 722 2398 Duce
738 2318 1001 2418 Luneburgico
1019 2313 1143 2416 millo,
1166 2321 1283 2395 urbici
1299 2321 1448 2421 pastoris
1465 2323 1699 2427 Neoburgii,

398 2422 558 2498 officium
577 2420 857 2496 demandaretur.
1039 2489 1045 2501 ,

446 2524 490 2596 In
517 2521 688 2595 ditionem
712 2511 1081 2613 JEVERENSEM
1109 2513 1182 2609 (a),
1211 2517 1365 2615 purioris
1389 2516 1563 2594 dodrinae
1581 2517 1696 2594 facem

398 2619 521 2693 intulit
539 2621 609 2690 hoc
627 2640 719 2689 anno
762 2615 870 2686 rimus
886 2614 1052 2686 Henricns
1068 2616 1248 2685 Cramerus
1265 2615 1422 2707 Esensrs,
1445 2617 1564 2711 pastor
1580 2619 1616 2690 in
1635 2642 1696 2689 ur·

395 2716 443 2791 be
455 2718 649 2808 Jeverana,
673 2640 825 2784 mullum
843 2711 984 2807 adjutus
1002 2707 1213 2788 subnatare
1227 2713 1364 2785 Rmeri
1380 2712 1553 2798 Zedichii,
1579 2714 1697 2809 Quae·

399 2812 558 2886 storia&
575 2806 991 2900 ConlsrliariiJevcrenfis.
1057 2862 1060 2865 -
1805 2823 1807 2828 ’

446 2905 829 2983 ANNAEBERGAE
858 2929 939 3003 quae
965 2903 1049 2980 urbs
1075 2902 1127 2979 est
1144 2902 1313 2999 Miiniae,
1344 2906 1366 2979 a
1392 2907 1495 2981 Geor
1524 2908 1559 2978 io
1583 2906 1692 2983 Duce

398 3033 469 3081 non
483 3007 546 3081 diu
570 3025 652 3078 ante
671 3002 813 3079 condita
829 3003 1019 3078 Fridericus
1035 3004 1335 3081 MYCONIUS
1352 3004 1402 3102 (b)
1422 3005 1480 3079 die
1496 2930 1697 3080 {rimarum
1783 3072 1785 3076 .

399 3107 528 3179 docere
552 3108 668 3199 coepit
695 3102 944 3200 Evangelium.
997 3101 1067 3176 Sed
1092 3125 1175 3176 cum
1200 3103 1259 3195 is,
1292 3102 1389 3200 quod
1416 3102 1699 3204 deprehendiffet

397 3201 432 3277 se
453 3203 495 3278 ad
514 3199 828 3275 vinculadestinari
844 3252 857 3290 ,
876 3198 909 3270 sc
917 3199 1045 3273 abinde
1053 3202 1212 3296 recipere
1220 3199 1413 3296 debuisset,
1430 3202 1578 3301 publico
1587 3201 1700 3300 scrip·

397 3320 436 3374 to
459 3322 577 3373 tamen
600 3298 641 3369 ad
667 3294 948 3392 Rempublicam
965 3297 1114 3371 &cives
1131 3301 1435 3373 Annaemontanos
1453 3300 1575 3393 edito,
1609 3301 1695 3372 Deo

397 3402 526 3496 gratias
546 3396 644 3495 egit,
670 3394 767 3491 quod
785 3418 829 3467 ex
847 3394 1069 3493 AEgyptiaca
1085 3394 1253 3467 servitute
1269 3395 1435 3468 liberatus
1454 3397 1561 3484 elict,
1594 3395 1697 3466 laeta·

397 3494 539 3594 tuique,
570 3493 666 3591 quod
693 3491 890 3564 Dominica
908 3491 1114 3563 Palmarum
1133 3488 1317 3564 Christum
1334 3489 1622 3586 Hierosolymam
1642 3492 1698 3563 in·

395 3594 617 3688 gredientem
638 3589 680 3662 fit
700 3590 911 3661 comitatus:
943 3589 1103 3660 hortatus
1129 3586 1180 3661 est
1196 3586 1348 3683 denique
1366 3589 1695 3680 Annaemontanos:

397 3709 611 3856 nemeltuant
629 3685 806 3784 Pupillus,
826 3686 863 3759 ὃ(
881 3685 907 3757 fi
927 3684 1160 3784 Magistratus
1175 3708 1234 3755 eos
1244 3682 1490 3780 persequatur,
1506 3683 1591 3781 quid
1603 3684 1698 3760 fatto

394 3810 418 3857 o
445 3806 485 3857 us
513 3807 541 3858 rt
587 3784 769 3859 indicauit.

419 3811 712 3982 pCYG’NAEAE
738 3883 775 3952 in
803 3877 936 3954 Misnia
954 3878 1071 3978 coepit
1091 3878 1162 3951 hoc
1178 3897 1272 3950 annu
1289 3875 1447 3950 exaudiri
1466 3876 1621 3953 coelestis
1638 3901 1698 3955 tu·

1652 3980 1699 4052 ba

331 4081 356 4117 ⁸
432 4114 479 4202 'm
502 4117 897 4187 nnnuuuunuuus
918 4124 989 4189 ac.
1231 4196 1242 4214 ·
1453 4107 1458 4116 ·

391 4202 793 4375 bilbiggkllgssffs
815 4222 914 4316 ‘5²4‘
934 4204 1052 4338 sario
1066 4201 1227 4293 Myconii.
1262 4202 1363 4324 Cous.
1376 4197 1713 4279 SECKENDORF,
