4442 5150
376 687 381 697 .
490 639 541 709 σι
678 618 1061 698 Hls'roR-IA
1112 617 1203 692 EV
1226 615 1560 694 A‘NGELII
1636 615 1805 711 A.r·522.

493 740 648 821 flammis
665 739 808 816 abolere
823 763 898 816 non
914 734 1105 821 dubitent?
1135 759 1256 834 certe,
1291 742 1353 838 qui
1368 761 1443 815 non
1456 739 1525 815 fint
1543 737 1650 815 veriti
1668 738 1808 812 sacrile-

524 844 595 914 'um
623 839 758 931 facere,
792 838 854 935 qui
881 861 934 910 res
951 839 1036 912 Deo
1054 837 1274 912 consecratas
1293 839 1444 937 impuris
1463 840 1501 917 ὃ(
1519 838 1675 912 cruentis
1695 835 1810 908 mani·

494 866 563 1015 siis
588 937 780 1036 diripiant,
812 958 875 1007 eos
897 934 1041 1009 tandem
1068 934 1112 1006 ab
1129 935 1280 1008 aliorum
1299 937 1407 1009 etiam
1425 932 1656 1010 facultatibus
1673 953 1813 1030 tempe·

496 1056 636 1112 raturos
658 1032 737 1131 quis
763 1030 923 1106 tredaci
940 1033 1003 1130 qui
1016 1030 1215 1106 sacerdotes
1234 1056 1307 1105 non
1326 1031 1431 1105 serite
1444 1051 1583 1108 tanturn
1598 1031 1657 1107 sed
1675 1032 1713 1105 &
1733 1050 1814 1103 tru-

499 1135 617 1219 cidare
629 1129 802 1221 audeant,
827 1125 968 1210 cosdem
988 1128 1081 1203 haud
1097 1128 1207 1209 dubie
1223 1129 1386 1228 cogitare
1399 1130 1707 1228 ,depuratosetiam
1720 1125 1810 1219 esse,

498 1230 634 1306 uiolare
656 1248 909 1326 quemcunque
930 1226 1041 1309 alium
1069 1226 1254 1301 ordinemr
1275 1226 1368 1301 ‘sore
1392 1227 1561 1323 tandem,
1594 1248 1636 1311 ut
1662 1226 1699 1297 in
1717 1220 1811 1322 ipsos

500 1327 591 1409 adeo
608 1324 787 1424 principes
801 1347 1000 1419 eorumque
1015 1322 1147 1397 liberos
1166 1325 1205 1398 &
1222 1347 1352 1398 uxores
1369 1324 1408 1401 δι
1426 1323 1623 1405 familias&
1634 1318 1811 1421 polleffio·

500 1449 563 1500 nes
587 1424 669 1503 lraec
694 1441 791 1496 tanta
815 1421 961 1495 licentia
977 1419 1220 1520 scelerumque
1237 1424 1297 1495 im‘
1316 1421 1431 1495 unitas
1444 1423 1636 1521 aliquando
1654 1420 1810 1493 desinat:

447 1564 451 1569 ·
501 1542 630 1622 rogare
654 1519 767 1692 ipipur
790 1517 830 1594 δι
856 1518 1014 1612 hortari,
1047 1517 1106 1593 sed
1131 1520 1170 1595 &
1193 1543 1261 1618 pro
1276 1445 1338 1592 spo
1353 1543 1501 1595 munere
1515 1539 1623 1634 atque
1637 1515 1814 1632 potestate

530 1641 610 1695 uam
639 1619 683 1692 ha
730 1636 795 1710 at,
818 1634 878 1689 tan
906 1640 986 1689 uam
1014 1616 1112 1690 Petri
1138 1614 1314 1691 successor
1330 1617 1370 1693 &
1387 1616 1523 1692 Christi
1539 1640 1718 1710 vicanus,
1749 1638 1816 1711 po·

564 1717 657 1809 lare,
688 1734 731 1788 ut
759 1713 859 1795 omui
876 1640 1247 1813 depositaoffenfione
1263 1714 1303 1791 δι
1322 1717 1561 1791 reconciliatis
1577 1710 1727 1807 animis,
1763 1713 1816 1785 in·

421 1804 424 1813 ¹
507 1813 681 1905 cumbant
697 1809 917 1909 diligenter,
945 1812 984 1886 δε
1001 1808 1046 1883 ad
1063 1834 1259 1885 commune
1269 1810 1359 1885 illud
1376 1831 1484 1912 atque
1499 1813 1739 1889 domesticum
1760 1812 1819 1883 in.

361 1914 365 1922 '
408 2006 411 2011 Ι
507 1910 676 1995 cendiurn
693 1907 1209 2008 restinguendum-accurrant,
1232 1927 1274 1985 ut
1292 1907 1496 1984 Lutherurn
1512 1910 1755 2006 videlicetpiis
1765 1933 1820 1980 ra·

509 2007 670 2096 tionibus
693 2004 738 2080 ad
753 2005 935 2080 sanitatem
952 2002 1125 2079 reducant
1175 2023 1263 2099 aut,
1297 2003 1323 2078 li
1343 2003 1584 2104 nonpossint,
1613 2028 1656 2082 ut
1672 2027 1749 2081 turn
1766 2004 1819 2079 se·

509 2106 589 2184 cuti
613 2105 709 2206 leges
734 2126 776 2184 ac
800 2127 922 2215 recens
937 2099 1037 2214 illud
1058 2055 1210 2179 Caesius
1238 2102 1458 2274 Imperiirpue
1484 2105 1701 2200 decretum,
1742 2101 1822 2203 ple·

509 2202 631 2286 &ants
663 2202 734 2277 hoc
761 2223 856 2281 emm
886 2217 1064 2300 pertinere
1084 2223 1160 2287 nou
1183 2199 1298 2275 solum
1314 2199 1396 2279 acle
1411 2203 1562 2299 ueudarn
1581 2204 1678 2279 illam
1697 2225 1821 2276 macu-

510 2300 608 2396 lam,
636 2323 720 2400 quae
746 2321 843 2379 nunc
861 2299 1034 2375 inlraereat
1050 2297 1281 2393 Germaniae„
1313 2297 1497 2378 sedetiam
1514 2302 1567 2379 ad.
1575 2302 1820 2402 plurimorum

512 2397 685 2492 salutem,
710 2397 771 2495 qui
788 2419 837 2471 ex
852 2395 948 2479 illius
966 2413 1054 2473 cont
1102 2396 1185 2473 ione
1202 2397 1359 2472 multum
1377 2399 1557 2499 accipiant
1573 2397 1821 2477 incommodi:

512 2493 708 2599 sequidem
729 2494 767 2570 dc
784 2493 963 2578 naturae&
979 2495 1076 2578 mori,
1100 2517 1141 2586 us
1159 2495 1302 2571 &ritae
1346 2495 1475 2573 uudaru
1494 2496 1684 2594 instituto,
1707 2492 1823 2594 magis

513 2594 560 2670 ad
585 2592 835 2687 elementiam,
854 2616 977 2692 -quam
1003 2591 1048 2668 ad
1060 2590 1288 2670 severitatem
1306 2519 1416 2671 uisam
1434 2595 1623 2674 inclinare:
1655 2596 1714 2671 sed
1730 2616 1825 2693 quo·

515 2693 612 2774 mam
639 2691 700 2768 hic
727 2691 875 2766 morbus
894 2710 968 2766 non
1010 2686 1090 2766 odit
1106 2690 1249 2769 lenibus
1268 2691 1538 2770 medicamentis
1549 2697 1692 2788 curari,
1722 2692 1827 2768 veni·

515 2792 648 2871 endum
667 2788 736 2866 effe
750 2787 942 2890 necessario
957 2716 1311 2873 advehementiora:
1344 2793 1421 2891 ejus
1434 2795 1485 2870 rei
1502 2817 1578 2868 uon
1594 2818 1707 2870 unum
1726 2808 1828 2866 exta·

513 2913 556 2978 re
571 2888 829 2988 testimonium
852 2889 893 2963 &
915 2911 1020 2974 exem
1050 2886 1126 2967 lum
1153 2886 1415 2982 inscriptum,
1446 2891 1487 2963 &
1502 2893 1655 2985 majores
1670 2888 1829 2984 ipsorum
1846 2922 1854 2939 κ

518 2987 559 3060 in
588 2912 1049 3092 concilioqtrnstantiensi,
1070 2980 1246 3054 rationem
1270 2982 1363 3054 hanc
1387 2982 1556 3076 secutos,
1577 2986 1632 3058 iu
1651 2984 1828 3076 Joannem

514 3078 677 3168 Huffussl
693 3078 734 3150 de
750 3078 1018 3172 Hieronymum
1036 3070 1269 3169 ungentem,
1303 3075 1546 3173 proipsorum
1565 3082 1696 3155 merito
1710 3078 1832 3153 vindi·

518 3174 631 3262 calle:
650 3170 794 3270 quodsi
813 3170 856 3244 dc
870 3167 938 3267 ipsi
957 3168 1050 3242 hanc
1066 3166 1210 3240 illorum
1231 3169 1420 3246 imitentur
1435 3174 1630 3271 virtutem,
1646 3176 1830 3251 nondefu-
1912 3217 1917 3225 .

522 3295 646 3362 turum
673 3265 744 3346 else
769 3268 919 3360 vDelltn,
951 3264 992 3341 &
1018 3283 1107 3339 tunc
1130 3262 1240 3340 etiam
1266 3267 1304 3341 in
1321 3271 1493 3370 majorem
1510 3270 1609 3371 spem
1626 3276 1830 3354 nosvenire

550 3368 645 3464 olle,
676 3363 879 3469 depellendi
904 3362 1053 3440 duobis
1075 3365 1280 3442 ‘furcarum
1308 3366 1590 3448 immanitatem:
1624 3372 1830 3473 sequidem

519 3553 523 3560 ,
583 3466 867 3573 ultatesornpuis
888 3463 1059 3542 aovitam
1075 3486 1245 3563 quoque,
1270 3466 1543 3573 prosalutefibi
1557 3471 1734 3550 commissi
1749 3497 1832 3574 gre·

519 3571 588 3671 gis,
599 3564 863 3663 impensurum
898 3581 1053 3657 caetera,
1076 3586 1169 3660 ,quar
1185 3563 1230 3640 ad
1248 3563 1455 3642 Luthemm
1472 3572 1697 3669 pertineant,
1729 3566 1845 3667 fore,

520 3689 636 3758 uteri
662 3664 783 3764 legato
803 3660 869 3738 suo
893 3663 1062 3755 Francffco
1087 3657 1286 3765 Cberegarr,
1314 3664 1487 3766 episcopo
1512 3669 1722 3770 Aprutiensi
1741 3696 1834 3775 cog·

526 3764 697 3856 noscant,
721 3763 762 3838 δι
783 3785 905 3855 orare,
921 3780 972 3835 -ut
988 3762 1022 3834 ei
1040 3758 1151 3835 fidem
1170 3761 1334 3837 habeant.
1666 3794 1670 3801 ·
1915 3771 1919 3777 '

563 3856 764 3942 Enimvero
781 3857 937 3952 eiusdem
954 3858 1138 3936 sententiae
1148 3857 1265 3934 literas
1273 3879 1362 3935 tunc
1371 3862 1476 3937 etiarn
1484 3861 1835 3945 dabatHADRlll·

528 3960 640 4040 NUS
651 3957 695 4033 ad
705 3947 874 4053 quosdam
884 3959 1076 4057 privatim,
1092 3958 1156 4053 &,
1173 3957 1217 4034 ab
1226 3964 1450 4060 Argentinmſs
1454 3965 1598 4064 quidem
1611 3970 1741 4044 Senatu
1751 3962 1832 4065 post

526 4060 677 4134 multam
706 4053 881 4140 doetrinae
906 4055 1063 4131 Lutheri
1081 4054 1352 4134 detestationem
1369 4062 1594 4160 postulabat,
1626 4090 1671 4141 ne
1683 4090 1773 4162 quos
1790 4062 1834 4136 il·

525 4155 594 4232 lius
620 4174 682 4245 ¹aut
706 4151 886 4229 sociorum
912 4154 1022 4238 libros
1044 4153 1207 4255 evulgari
1233 4158 1507 4258 permitterent,
1541 4165 1666 4266 &jam
1683 4162 1834 4239 excusos

1762 4282 1837 4334 lion
