4442 5150
368 675 629 765 ,ama
795 638 1433 751 renovans
1696 701 1771 780 nr

510 797 625 875 Porrb
653 798 820 872 Herrricrn
845 801 961 871 Loriri
988 797 1350 898 GLAREANUS,
1387 805 1524 880 &deni
1551 831 1596 884 ue
1614 808 1768 883 ERA8-

461 899 578 978 MUS
598 897 890 988 Roterodamus‚
915 896 977 990 qui
995 898 1114 968 navim
1134 897 1406 994 conscensurus,
1432 830 1621 979 Boniincio
1640 909 1768 997 Amer-

459 997 594 1076 bacbio
612 994 759 1090 aliisque
777 992 971 1066 comitibus
990 993 1061 1067 hoc
1080 995 1251 1068 valedixit
1269 997 1497 1072 tetrasticho:
1526 1003 1575 1095 (a)

507 1145 587 1240 Jam
607 1138 742 1228 Bafilea
760 1139 861 1230 vale,
887 1162 957 1236 qua
975 1163 1048 1211 non
1066 1136 1151 1212 urbs
1168 1139 1276 1215 altera
1294 1142 1433 1217 multis-

455 1268 458 1274 ·
555 1240 670 1312 Annis
686 1235 855 1309 exhibuit
870 1237 1006 1335 gratius
1024 1236 1234 1334 hospitium.

507 1338 609 1414 Hinc
627 1357 755 1432 precor
773 1336 893 1406 omnia
910 1334 995 1405 laeta
1011 1332 1099 1406 tibi:
1130 1331 1232 1406 simul
1250 1334 1361 1430 illud,
1388 1337 1538 1412 Erasmo

554 1432 697 1531 Hospes
715 1432 768 1503 uti
788 1455 831 1505 ne
849 1454 1005 1529 unquam
1025 1429 1160 1504 tristior
1177 1432 1361 1508 adveniat:

508 1581 643 1677 Neque
661 1572 748 1650 verb
767 1575 840 1650 ulla
857 1577 909 1648 vis
929 1575 1138 1667 Erasmum,
1163 1600 1230 1651 nec
1247 1577 1340 1652 ullus
1358 1578 1402 1652 de
1417 1581 1455 1653 vi
1472 1580 1676 1656 intentanda
1689 1607 1764 1659 me·
1843 1648 1845 1651 .

458 1698 518 1754 tus
535 1701 617 1751 eum
634 1673 808 1774 urgebat,
834 1675 921 1771 quin
940 1675 1061 1768 potius
1079 1674 1221 1769 ineptus
1238 1676 1299 1748 ille
1317 1678 1449 1769 timor,
1474 1702 1519 1752 ne
1536 1682 1564 1753 is
1582 1705 1666 1752 cum
1685 1684 1765 1755 Re·

457 1773 737 1865 formatoribus,
762 1794 916 1869 quorum
936 1767 1073 1842 causam
1092 1770 1121 1843 is
1136 1770 1500 1886 justam'agnoscebat
1517 1776 1597 1872 (b),
1615 1775 1763 1850 modum

853 1910 855 1915 ·
1644 1894 1764 1949 autem

497 1986 548 2066 (a)
571 1985 635 2049 vid.
654 1978 832 2048 ERASM.
851 1976 910 2062 Ep.
929 1997 960 2041 n.
973 1975 1065 2041 1066.
1082 1999 1112 2061 p.
1126 1906 1217 2044 rard.

499 2071 550 2151 (b)
574 2067 727 2133 Dubitare
752 2083 809 2130 nos
833 2083 870 2128 ea
893 2062 932 2126 de
955 2081 988 2124 re
1012 2080 1076 2124 non
1093 2061 1178 2143 finit,
1201 2063 1262 2148 ipsa
1277 2063 1460 2131 ERASMI
1479 2063 1616 2163 Epistola
1630 2068 1669 2132 ad
1685 2065 1761 2150 Jab.

455 2147 685 2232 northman,
717 2149 743 2213 F
745 2149 872 2230 riburgo
889 2146 919 2209 d.
941 2160 989 2226 13.
1008 2142 1143 2288 liupusti
1162 2165 1253 2226 1529.
1276 2149 1405 2234 scripta,
1435 2152 1488 2215 ubi
1511 2165 1589 2215 inter
1604 2153 1663 2216 alia
1678 2153 1763 2216 hunc

455 2232 487 2296 in
511 2234 665 2299 modum:
704 2279 726 2312 „
749 2229 826 2294 Nec
850 2229 1046 2293 mediocrem
1091 2227 1114 2291 is
1139 2231 1235 2295 turbis
1258 2232 1363 2295 ausam
1389 2234 1500 2298 dedere
1521 2235 1676 2319 quidam,
1707 2235 1763 2316 qui

453 2361 478 2398 „
499 2333 608 2404 prater
623 2316 759 2380 modum
776 2312 936 2377 tendentes
952 2309 1156 2392 funiculum,
1172 2332 1317 2396 rumpere
1329 2318 1527 2395 maluerunt,
1546 2337 1644 2398 quam
1655 2321 1762 2381 laxan-

454 2446 478 2479 „
502 2402 545 2462 do
561 2401 694 2462 servare.
724 2397 873 2475 Pontifici
889 2395 1025 2457 Romana
1040 2408 1190 2476 tanquam
1208 2397 1304 2461 totius
1319 2397 1457 2459 ecclesiae
1472 2398 1618 2480 principi,
1641 2415 1675 2462 ut
1691 2403 1763 2481 plu·

455 2527 477 2564 „
500 2480 619 2546 rimum
645 2477 687 2540 est
711 2476 883 2562 potestatis,
906 2480 946 2542 ita
962 2477 1135 2560 plurimum
1152 2479 1282 2543 debetur
1297 2480 1442 2543 honoris:
1466 2480 1518 2543 sed
1534 2480 1590 2564 qui
1605 2480 1699 2563 hujus
1714 2483 1762 2545 vi·
1819 2481 1823 2495 '

454 2612 478 2647 „
500 2584 548 2629 res
573 2562 604 2626 in
627 2560 817 2627 immensum
840 2565 1037 2642 extulerunt,
1067 2559 1250 2627 funiculum
1267 2562 1354 2628 hunc
1369 2563 1390 2627 si
1407 2582 1472 2627 non
1487 2581 1655 2649 ruperunt,
1679 2581 1763 2632 certe

455 2692 477 2730 ,‚
502 2650 684 2713 lacerarunt.
717 2645 959 2710 condonationes
976 2644 1171 2731 pontificias,
1203 2646 1282 2710 dum
1298 2648 1375 2711 intra
1390 2646 1527 2711 modum
1543 2650 1762 2732 consisterent,

454 2775 477 2814 ,‚
499 2731 580 2797 olim
604 2746 779 2796 reverenter
802 2729 969 2812 accipiebat
992 2730 1147 2811 populus:
1171 2745 1322 2794 ceterum
1339 2730 1391 2794 ubi
1406 2730 1618 2813 redemptores
1634 2752 1671 2795 ac
1688 2752 1762 2797 mo·

453 2861 477 2895 „
500 2816 590 2879 nachi
606 2814 741 2897 quastus
760 2811 803 2876 sui
820 2814 915 2897 gratia
932 2812 1098 2877 incredibili
1115 2831 1230 2895 pompa
1243 2834 1294 2879 eas
1311 2814 1480 2895 invehunt,
1494 2815 1667 2879 immodice
1683 2835 1762 2898 pre·

453 2946 476 2983 „
498 2900 620 2978 dicant,
643 2895 815 2963 avariffime
831 2911 994 2973 exercent,
1018 2895 1096 2959 dnm
1114 2895 1176 2959 fine
1194 2897 1257 2961 fine
1272 2897 1381 2962 omnia
1395 2914 1459 2962 tem
1485 2900 1513 2962 la
1529 2917 1623 2962 cruce
1640 2898 1670 2962 dt
1687 2898 1760 2964 scri·

452 3030 475 3067 „
498 2985 552 3047 nio
567 2985 698 3049 rubente
714 2986 805 3066 plena
820 2978 911 3061 sunt,
935 2982 1013 3044 dum
1030 2978 1157 3064 singulis
1173 2981 1334 3046 columnis
1347 2982 1440 3046 affixa
1455 2919 1526 3045 sunt
1540 2981 1667 3067 infignia
1680 3002 1760 3067 pon·

452 3115 474 3152 ,‚
497 3068 589 3134 tificis
613 3088 690 3133 cum
716 3066 751 3130 tri
775 3065 825 3129 lici
848 3084 984 3142 corona,
1008 3064 1086 3126 dum
1104 3066 1260 3146 quosdam
1277 3065 1370 3130 etiam
1387 3066 1515 3149 adigunt
1530 3066 1569 3130 ad
1584 3086 1634 3131 eas
1651 3083 1760 3131 emen·

451 3199 474 3235 „
498 3153 571 3232 das,
597 3152 685 3234 quod
703 3150 733 3213 in
751 3088 897 3231 slispania
913 3147 1146 3229 propemodum
1163 3149 1229 3214 fieri
1245 3151 1373 3231 dicitur,
1397 3149 1531 3214 minimo
1549 3150 1652 3213 minus
1667 3169 1760 3232 rupe·

451 3253 570 3319 „runt
593 3237 623 3300 dt
648 3238 733 3300 hunc
756 3232 951 3296 funiculum.
992 3230 1036 3293 Ita
1058 3232 1137 3295 dum
1154 3230 1314 3297 Diuorum
1327 3235 1550 3297 invocationem
1567 3238 1691 3296 cultum
1720 3250 1759 3293 ue

451 3325 549 3400 „vel
573 3321 611 3381 ad
635 3317 881 3401 superstitionem
905 3312 1096 3392 defleblunt,
1128 3318 1180 3377 vel
1205 3321 1287 3381 ultra
1310 3319 1448 3382 modum
1470 3321 1637 3395 attollunt,
1662 3312 1759 3400 &lc

453 3400 658 3481 „funiculus
682 3420 777 3484 prope
800 3411 907 3481 ruptus
930 3393 982 3458 est.
1014 3392 1079 3458 Res
1103 3411 1167 3459 erat
1191 3404 1316 3482 elegans
1340 3402 1510 3484 imaginum
1532 3418 1569 3460 ac
1581 3398 1760 3477 statuarum

452 3530 474 3566 „
498 3499 674 3563 apparatus,
697 3488 749 3547 vel
766 3483 804 3547 ad
823 3495 990 3558 ornatum,
1013 3481 1065 3541 vel
1082 3478 1120 3541 ad
1136 3498 1249 3559 eorum
1266 3484 1470 3559 memoriam,
1495 3498 1634 3563 quornm
1652 3497 1762 3545 erem·

451 3614 474 3651 ,‚
497 3565 554 3647 plis
571 3566 698 3628 accendi
713 3582 892 3648 poteramus
907 3564 946 3627 ad
961 3561 1032 3625 vitae
1048 3562 1210 3646 pietatem:
1234 3580 1384 3628 caeterum
1401 3566 1479 3627 dum
1495 3562 1648 3626 indecoris
1654 3562 1759 3659 pidlu·

452 3700 473 3734 ‚,
497 3650 535 3712 ris
559 3647 727 3727 implentur
743 3650 883 3731 undique
898 3649 1034 3730 templa,
1057 3646 1136 3709 dum
1153 3647 1262 3712 harum
1279 3646 1488 3731 superstitione
1505 3643 1584 3729 peni
1601 3647 1639 3710 ad
1653 3648 1759 3712 idolo·

452 3783 474 3818 „
499 3730 619 3795 latriam
644 3731 835 3810 delabimur,
869 3731 1045 3816 rumpendo
1071 3730 1101 3794 ἃ
1125 3730 1197 3794 huic
1220 3732 1368 3795 funiculo
1384 3731 1528 3794 dedimus
1544 3731 1756 3797 occasionem.

451 3867 473 3903 „
497 3815 539 3880 Er
563 3827 653 3877 vetus
679 3820 862 3896 exemplum
885 3815 926 3879 est
950 3816 980 3879 dr
1004 3817 1090 3896 pium
1114 3816 1277 3894 officium,
1309 3813 1433 3878 laudare
1457 3812 1567 3878 Deum
1582 3812 1701 3903 hymnis
1725 3818 1756 3883 dt

451 3953 473 3988 „
497 3900 625 3964 canticis
651 3896 873 3979 spiritualibus,
898 3899 950 3962 sed
975 3899 1054 3961 dum
1076 3898 1106 3960 in
1132 3901 1256 3981 templis
1278 3898 1401 3961 auditur
1417 3898 1535 3963 musica
1549 3901 1702 3967 conviviis
1718 3923 1760 3966 ac

451 4035 473 4071 ‚,
496 3985 606 4069 nuptiis
623 3982 719 4064 aptior
735 3999 831 4062 quam
847 3982 947 4046 cultui
964 3981 1090 4058 divino,
1107 3982 1186 4047 dum
1199 3980 1477 4048 assedatovocum
1489 3984 1756 4049 boatusacravo·

452 4119 474 4153 „
498 4091 549 4135 ces
573 4070 797 4143 obscurantur,
827 4064 894 4128 imb
911 4067 989 4128 dum
1006 4065 1173 4128 bominum
1190 4066 1347 4131 interdum
1363 4067 1466 4133 inanes
1483 4069 1588 4134 nenia
1604 4088 1664 4153 pro
1677 4068 1757 4133 divi·

453 4200 476 4236 „
498 4156 543 4218 ms
568 4166 740 4230 canuntur,
771 4148 906 4229 deniqne
929 4149 1007 4212 dum
1030 4148 1060 4210 in
1083 4148 1207 4232 templis
1232 4149 1306 4216 nibil
1323 4148 1412 4216 aliud
1460 4153 1535 4219 uim
1558 4151 1754 4235 consiliatur,

454 4285 476 4321 ‚,
497 4238 593 4322 erepit
614 4236 708 4303 &hic
725 4230 887 4319 periclitari
901 4230 1085 4300 seniculus..
1103 4230 1293 4318 Miffa'sero
1309 4231 1386 4323 qnid
1400 4173 1574 4328 essepoted
1586 4235 1759 4381 sacratrgse

1301 4365 1327 4378 ‚¹
1363 4365 1368 4376 ,
1563 4337 1568 4366 τ
1636 4363 1660 4400 n
1714 4336 1759 4382 ι.
