4442 5150
1036 521 1158 620 (ᾧ)

812 644 1623 875 mmmmm

500 930 592 1006 Non
602 929 827 1030 ambigimus,
851 927 917 999 viri
932 926 1134 1017 Christiani,
1153 926 1217 1023 qui
1234 925 1272 999 δι
1291 927 1395 999 corde
1411 925 1448 999 &
1468 950 1529 998 ore
1544 925 1729 1006 Christum

452 1025 686 1124 profitemini,
704 1027 794 1119 quin
812 1022 911 1094 vobis
931 1024 1046 1111 (etiam
1065 1021 1134 1094 line
1156 1021 1232 1093 ullo
1255 1021 1375 1092 nostro
1399 1019 1574 1109 encomio)
1594 1023 1730 1101 summe

451 1121 580 1219 placeat
597 1120 682 1194 novi
695 1121 836 1226 pastoris
852 1140 942 1188 nova
958 1116 1099 1204 electio,
1119 1139 1202 1188 cum
1220 1116 1375 1197 inprimis
1391 1116 1513 1188 vestrae
1532 1117 1729 1212 profeffinm'

451 1215 649 1304 conveniat,
670 1213 731 1286 nrti
750 1213 959 1308 &exemplo
971 1211 1176 1284 &doctrina
1195 1208 1465 1313 Apostolorum,
1485 1233 1567 1306 quae
1591 1211 1670 1287 fine
1690 1217 1731 1292 de

453 1309 538 1384 basis
562 1309 875 1382 &fundamentum
901 1331 990 1379 verae
1007 1306 1104 1391 fidei,
1123 1330 1167 1378 eo
1189 1305 1287 1376 vobis
1307 1305 1575 1378 commendatior
1589 1307 1657 1381 esse
1672 1311 1731 1385 de

454 1404 529 1495 bet,
549 1407 644 1502 quod
662 1404 826 1499 alSpiritu
843 1401 958 1474 sardo
980 1399 1135 1497 profesta
1158 1400 1231 1484 est,
1257 1398 1382 1498 signata
1399 1401 1640 1507 sphmgistuate
1657 1404 1731 1479 fin.

453 1501 569 1596 guinis
592 1497 724 1572 Cltrilli
740 1499 777 1570 ὅ(
797 1495 987 1569 εἰεᾶοηιιῃ
1007 1493 1087 1568 Dei.
1118 1494 1269 1582 Verum,
1286 1518 1366 1566 cum
1384 1499 1487 1566 multi
1503 1502 1581 1568 lunt
1599 1498 1730 1594 quibus

452 1594 529 1689 post
542 1593 644 1687 hujus
660 1593 779 1664 mundi
790 1592 982 1664 bonores&
995 1588 1305 1684 carnisvoluptates
1323 1588 1409 1658 nibil
1420 1591 1608 1686 quicquam
1619 1593 1730 1670 divini

451 1709 511 1761 aut
531 1687 633 1760 seneli
654 1685 744 1784 pensi
762 1689 828 1774 est,
858 1709 901 1757 ne
923 1683 989 1756 illis
1013 1687 1089 1757 anst
1107 1684 1316 1780 relinquatur
1335 1683 1552 1777 improharxlt'
1581 1686 1651 1763 boc
1666 1714 1729 1764 ω.

452 1781 561 1854 strum
579 1783 664 1854 adeo
682 1781 849 1853 laudabile
868 1803 907 1850 ac
925 1779 1130 1876 frugiferum
1148 1779 1362 1864 institutum,
1383 1779 1532 1852 breviter
1551 1805 1625 1878 ejus
1643 1808 1729 1860 con-

450 1875 514 1948 silii
538 1879 679 1949 rationes
702 1875 971 1972 explicabimus:
994 1897 1059 1963 ne,
1078 1872 1103 1945 fi
1119 1871 1209 1946 sorte
1226 1874 1380 1968 plerique
1398 1873 1651 1950 firmamentum
1673 1905 1731 1955 to·

454 1969 592 2067 burque
605 1972 650 2043 rei
664 1995 733 2041 non
748 1967 937 2067 acceperint
947 1968 1070 2062 ,aliqui
1087 1969 1214 2056 exeis,
1236 1969 1411 2063 tyrannide
1428 1970 1465 2041 dt
1481 1971 1652 2065 majestate
1671 1975 1732 2048 ad·

453 2067 677 2137 versariorum
692 2065 739 2150 ,in
756 2063 886 2137 leolum
900 2086 968 2133 non
987 2086 1107 2135 verum
1119 2063 1437 2150 traducantumtum
1451 2067 1568 2156 etiam,
1589 2089 1630 2140 ut
1641 2068 1731 2146 inter

450 2181 515 2230 nos
531 2182 651 2230 mutua
669 2157 808 2230 dileetio
836 2155 1079 2244 conservetur,
1105 2180 1209 2252 quarn
1231 2157 1388 2255 alioqui,
1407 2157 1501 2231 scissa
1523 2161 1559 2232 in
1580 2162 1731 2242 diversae

450 2274 561 2349 partes
587 2250 757 2341 Ecclesal,
777 2250 968 2343 labesadtari
986 2249 1157 2325 necessum
1180 2248 1272 2324 esset.
1323 2254 1477 2324 Primum
1488 2278 1574 2354 ergo
1583 2280 1655 2330 non
1667 2261 1733 2333 im.

452 2349 575 2420 merito
596 2372 676 2436 nos,
698 2347 826 2444 quibus
842 2347 973 2419 summa
992 2349 1098 2443 Reip.
1116 2348 1308 2421 concredita
1323 2347 1390 2438 est,
1409 2348 1734 2427 vehementercom·

453 2445 564 2516 movit
583 2444 708 2534 animi,
724 2443 819 2540 quod
831 2443 920 2515 aedes
934 2441 1038 2517 Divae
1059 2442 1273 2543 Magdalenae
1284 2464 1335 2517 tot
1342 2443 1413 2540 jam
1423 2447 1519 2515 annis
1529 2444 1598 2519 sine
1608 2445 1732 2544 sponb

453 2537 658 2633 &parocho
677 2538 850 2613 consenuit
868 2538 905 2613 ὅ(
923 2538 1063 2629 eviluit,
1084 2563 1188 2637 quam
1207 2539 1292 2611 adeo
1311 2563 1376 2635 pro
1394 2562 1465 2612 uno
1546 2541 1607 2615 nso
1628 2545 1733 2623 rnulti

452 2637 664 2797 appetivere,
686 2656 723 2706 ut
740 2635 840 2707 eriam
856 2634 922 2704 illis
941 2633 982 2707 ad
1000 2634 1148 2708 tribunal
1161 2635 1250 2729 saepe
1272 2636 1458 2707 deventum
1473 2536 1545 2723 (qu
1560 2659 1664 2734 atque
1685 2641 1732 2717 ita

449 2751 470 2798 a

454 2845 533 2893 rum
560 2822 677 2910 salute,
701 2823 783 2893 nihil
803 2824 1007 2918 secusatque
1020 2823 1060 2912 ii,
1081 2825 1144 2919 qui
1156 2823 1281 2896 telleris
1298 2822 1494 2914 colludunt,
1521 2849 1626 2921 porro
1645 2833 1732 2905 utri·

450 2938 520 3013 que
540 2915 711 2991 sortunam
728 2916 797 2989 fine
815 2917 943 2989 virtute
957 2918 1192 3014 experiuntur.
1240 2918 1350 3011 Quod
1372 2919 1594 2994 contendendi
1622 2922 1733 2999 studi.

454 3034 514 3083 um
528 3009 572 3084 ab
587 3009 747 3090 Ecclefiae
765 3009 934 3085 Praefeeo
947 3011 1182 3087 alienissimum
1203 3010 1268 3086 esse
1281 3014 1391 3087 debet.
1450 3019 1602 3111 Oportet
1634 3020 1728 3095 enim

451 3103 665 3203 Episcopum
698 3107 910 3203 inculpatum
933 3107 1021 3198 esc,
1048 3127 1208 3205 tanquam
1249 3106 1317 3181 Dei
1342 3107 1628 3205 dispensatorem,
1657 3139 1728 3191 non

452 3201 691 3300 praesrastum,
713 3226 781 3274 uon
798 3202 1017 3293 iracundum,
1031 3226 1099 3274 non
1118 3202 1293 3292 vinosum,
1312 3227 1381 3275 non
1391 3204 1637 3300 percullorem:
1656 3233 1729 3285 non

450 3296 596 3393 turpiter
615 3298 713 3370 lucro
727 3297 897 3384 deditum,
917 3320 986 3368 non
1002 3295 1239 3383 ambitiosum,
1263 3321 1394 3371 cumea
1406 3300 1550 3397 dignitas
1567 3324 1637 3375 non
1654 3327 1730 3379 tm.
1829 3347 1832 3353 -

449 3390 577 3466 bitione
595 3389 651 3464 sed
661 3389 821 3466 consensu
839 3391 998 3467 Ecclesrae
1008 3415 1239 3489 comparetur,
1264 3394 1301 3465 ὃ(
1313 3418 1384 3465 non
1395 3394 1589 3466 nummario
1604 3398 1728 3491 pretio,

449 3485 507 3560 sed
531 3487 675 3558 oneroso
693 3487 823 3559 honore
833 3486 979 3576 constet,
1002 3488 1175 3562 iitartibus
1187 3486 1335 3584 denique
1348 3488 1535 3583 parandum
1553 3488 1592 3562 fit
1604 3517 1727 3569 verum

450 3580 697 3672 sacerdotium,
743 3583 812 3655 uod
827 3579 887 3652 nili
901 3580 1040 3655 coactus
1049 3582 1174 3681 aliquis
1185 3582 1248 3655 rire
1269 3582 1434 3677 capessere
1446 3608 1515 3654 non
1533 3586 1662 3679 potest,
1686 3610 1729 3666 ut

452 3676 487 3746 in
504 3680 578 3747 Crd.
592 3677 632 3746 de
646 3685 701 3769 Ep.
773 3681 857 3748 Cler.
873 3685 930 3747 Le.
942 3681 1171 3782 fiquicquam.
1201 3676 1405 3774 Divus‘Lco
1424 3678 1604 3776 Augustus
1626 3682 1728 3779 supet

451 3771 658 3935 Receprqpcio
673 3770 856 3875 'sacerdotio
863 3768 1094 3942 ,lanfflffimlq
1085 3774 1197 3846 statuit
1216 3770 1304 3937 higoe
1318 3770 1560 3939 vesrlpphtatnto
1571 3774 1609 3849 ὅ(
1620 3776 1727 3943 ffbri.

484 3887 560 3933 rano
604 3890 860 3963 rrncrpenonrn
887 3889 922 3961 rg
947 3891 1046 3972 r.„¹
1095 3893 1174 3941 emo
1189 3892 1249 3965 gra
1275 3890 1384 3938 uma
1426 3892 1525 3938 ron
1547 3892 1727 3949 venartate

453 4011 477 4051 ,‚
500 3956 598 4056 pretii
611 3983 777 4053 meretur,
804 3982 972 4060 qnantum
986 3984 1133 4063 qunque
1146 3981 1336 4056 mereatur,
1361 3986 1432 4037 uon
1458 3981 1625 4062 quantum
1646 3966 1727 4135 dsarfe

1601 4115 1630 4154 n
1671 4086 1695 4134 u
1713 4102 1728 4125 ‘

485 2732 506 2798 ri
517 2729 739 2800 alios-mutuo
752 2732 879 2825 semper
900 2731 1077 2823 ejicerent,
1093 2731 1331 2803 contendentes
1345 2731 1387 2801 de
1400 2732 1588 2803 animarum
1600 2734 1733 2811 nostra·
