4442 5150
456 642 623 738 Amo.
761 629 1474 712 'RENOVATL'
1695 657 1770 740 417

455 823 484 867 „
503 768 695 856 debemus,
728 786 793 859 per
819 762 916 857 quod
943 759 979 833 ὃς
1002 758 1226 834 salvabimur.
1268 761 1619 840 Praedeliinationem
1637 789 1768 865 negare

455 920 483 965 „
501 891 574 939 non
593 862 794 960 possumus:
823 861 896 932 salli
915 882 991 931 eam
1010 882 1082 930 non
1101 858 1220 954 posse,
1238 858 1465 933 certissimum
1480 862 1544 937 est.
1571 864 1641 939 Sed
1652 865 1766 964 quid?

454 1016 482 1062 „
501 961 663 1060 nunquid
688 956 837 1053 injustus
862 954 913 1029 est
934 955 1244 1052 Deusbnunquid
1262 979 1453 1054 propterea
1470 983 1542 1031 non
1560 961 1613 1034 est
1629 961 1766 1036 verax?

455 1117 484 1160 „
506 1060 624 1157 Igitur
649 1056 881 1129 humiliemur
907 1078 970 1126 nos
997 1051 1059 1125 sub
1077 1053 1258 1151 majestate
1275 1056 1372 1151 ejus:
1400 1055 1462 1126 illa
1479 1058 1575 1128 enim
1594 1058 1770 1156 superbo·

455 1181 581 1257 „rum
610 1157 765 1228 cervices
791 1153 979 1250 deprimit:
1018 1149 1257 1223 misericordia
1278 1174 1397 1224 autem
1417 1151 1581 1227 subvenit
1600 1159 1768 1231 contritis

454 1311 482 1353 ‚,
502 1253 633 1344 corde,
668 1253 705 1325 ὃ(
732 1250 905 1322 auxilium
934 1247 1047 1319 :isoio
1068 1248 1151 1321 Deo
1169 1250 1450 1345 requirentibus,
1476 1274 1548 1323 non
1567 1250 1587 1322 a
1605 1276 1710 1326 carne
1728 1255 1769 1329 δε

453 1407 482 1451 ‚,
502 1352 649 1424 arbitrio
675 1349 760 1439 suo,
794 1366 834 1422 ut
856 1349 891 1418 in
910 1345 1077 1420 omnibus
1094 1345 1211 1441 gloria
1231 1346 1273 1418 srt
1293 1348 1377 1419 Dei.
1412 1345 1598 1421 Caeterirm
1618 1351 1704 1445 quid
1724 1351 1769 1424 ad

455 1505 482 1546 „
502 1474 564 1522 nos
584 1447 772 1520 contentio
792 1444 929 1517 Erasmi
942 1444 976 1515 ὃ(
990 1442 1171 1514 Lutheri.?
1197 1442 1356 1516 Perditio
1375 1444 1493 1517 nostra
1511 1469 1555 1518 ex
1574 1447 1677 1521 nobis
1696 1446 1765 1521 est:

457 1602 484 1643 „
504 1547 606 1620 Salus
623 1541 879 1617 tantummodo
898 1543 935 1611 in
954 1541 1118 1611 Domino
1139 1541 1220 1611 Deo
1239 1541 1373 1614 nostro.

461 1645 465 1695 ἶ
503 1696 530 1736 ,,
549 1645 691 1740 Igitur,
717 1641 857 1711 Fratres
885 1637 977 1726 mei,
1004 1637 1172 1731 quoniam
1201 1658 1339 1746 tantum
1355 1640 1542 1714 'talentum
1563 1642 1583 1714 d
1602 1643 1768 1718 Domino

455 1796 484 1837 „
502 1739 713 1836 accepistis,
749 1736 918 1833 pergite,
954 1735 990 1804 &
1019 1757 1063 1804 ne
1089 1731 1274 1829 respicite:
1310 1735 1368 1809 sed
1393 1739 1548 1835 gloriam
1577 1742 1673 1833 Dei,
1709 1745 1767 1814 vi·

455 1892 484 1934 „
504 1839 619 1911 vendo
636 1831 754 1932 juste,
780 1828 897 1906 sobrie
917 1831 954 1904 ὅ(
974 1827 1033 1924 pie
1054 1832 1267 1925 praedicate:
1295 1857 1363 1906 nec
1382 1839 1503 1909 vincat
1521 1860 1605 1910 caro
1621 1838 1769 1913 insuam

456 1989 484 2031 „
503 1935 763 2032 perditionem,
788 1929 846 2003 sed
864 1930 1031 2005 vincatur
1049 1926 1198 2000 insuam
1217 1929 1385 2026 gloriam.
1425 1932 1526 2005 Nam
1545 1933 1571 2005 sr
1589 1936 1686 2008 illam
1705 1937 1768 2010 hic

455 2058 568 2130 „pro
596 2031 745 2106 Christo
772 2026 1060 2127 perdiderimus,
1104 2027 1324 2100 inveniemus
1350 2052 1426 2101 eam
1453 2032 1489 2103 in
1514 2030 1776 2131 resurreetione,

451 2180 481 2227 „
497 2131 676 2227 justorum
695 2131 732 2201 in
750 2148 920 2200 aeternam
940 2125 1073 2217 vitam,
1100 2149 1180 2221 quae
1199 2125 1301 2198 nobis
1318 2129 1485 2201 omnibus
1502 2131 1769 2226 gratiiChristi

454 2281 481 2323 „
502 2231 733 2302 concedatur.
759 2223 1059 2297 Admonitionem
1079 2223 1170 2295 hanc
1191 2222 1378 2296 fraternam
1397 2251 1463 2298 oro
1482 2251 1527 2299 ne
1544 2228 1766 2323 despiciatis:

454 2380 481 2421 „
502 2327 600 2399 nolui
620 2328 715 2398 enim
735 2321 868 2421 aliquid
886 2321 986 2418 loqui
1005 2319 1061 2392 vel
1079 2317 1252 2416 scribere,
1278 2322 1377 2417 quod
1395 2323 1681 2418 improbaturum
1698 2351 1769 2422 pu·

455 2445 573 2515 „tem
594 2422 791 2493 Christum.
826 2421 970 2492 Caetera
984 2415 1140 2489 narrabit
1161 2416 1344 2514 Georgius
1364 2419 1572 2510 Maurelus,
1598 2420 1683 2493 verb
1702 2448 1770 2495 no·

454 2573 482 2615 „
502 2518 556 2592 bis
582 2520 619 2591 in
645 2514 792 2591 Christo
817 2515 967 2591 dilectus
987 2515 1024 2589 δε
1044 2512 1293 2588 observandus.
1338 2514 1452 2590 Orate
1472 2517 1594 2589 Deum
1613 2541 1680 2613 pro
1700 2544 1769 2594 no-

454 2671 481 2712 „
500 2617 554 2691 bis
581 2619 619 2692 &
647 2614 809 2691 Ecclesia
834 2614 970 2689 nostra:
1007 2636 1087 2685 nam
1117 2613 1154 2686 ὃς
1179 2636 1245 2685 nos
1262 2636 1437 2689 memores
1456 2613 1563 2689 vestri
1582 2617 1713 2693 erimus
1730 2618 1770 2695 in

454 2770 482 2813 „
501 2716 676 2789 Domino.
712 2712 818 2787 Basrl.
847 2709 1117 2807 13.0slobris,
1145 2712 1252 2784 Anno
1274 2733 1424 2807 153o.„
1762 2781 1766 2789 .

502 2814 598 2887 Haec
628 2816 740 2910 igitur
767 2835 831 2906 per
857 2807 1108 2884 Waldensrum
1135 2809 1270 2905 legatos
1294 2808 1441 2884 Bafileae
1461 2805 1539 2884 asia
1557 2810 1660 2900 sunt3
1697 2812 1772 2888 Sed

454 2910 580 2986 mislffe
612 2936 672 2983 eos
708 2931 785 2981 tum
821 2930 965 3004 quoque
1000 2908 1137 3005 legatos
1165 2907 1395 3001 referuntur,
1438 2911 1610 3007 quicum
1638 2916 1772 2987 Farello

459 3010 554 3109 apud
582 3003 851 3082 Neocomcnses
878 3004 1027 3084 versant-i
1048 3004 1253 3080 conferrent
1273 3006 1346 3100 (τὼ
1383 3008 1437 3080 Hi
1456 3032 1538 3086 cum
1558 3008 1712 3084 reditum
1732 3011 1773 3085 in

452 3111 601 3205 patriam
627 3124 812 3204 pararent,
843 3101 974 3176 miseris
1000 3104 1116 3177 modis
1142 3103 1162 3174 :l
1186 3104 1391 3180 Pontificiis
1409 3106 1536 3180 itinera
1553 3132 1696 3206 quoque
1714 3109 1771 3180 in·

456 3206 666 3280 festantibus
693 3205 773 3277 sunt
799 3202 949 3293 vexati,
991 3226 1076 3275 cum
1105 3200 1248 3298 quidam
1275 3205 1311 3277 in
1338 3227 1517 3280 carcerem
1546 3208 1773 3302 conjiceren-

457 3324 537 3395 tur,
572 3307 609 3378 &
639 3304 819 3375 Martinus
848 3298 1014 3373 Goninus
1036 3300 1294 3398 Gratianopoli
1314 3302 1557 3399 Delphinatus
1575 3301 1773 3399 metropoli

455 3399 557 3471 sacco
583 3402 735 3474 intrusus
763 3397 1071 3494 submergeretur:
1109 3396 1293 3494 Georgius
1320 3423 1406 3471 vero
1429 3401 1520 3472 solus
1540 3399 1595 3485 (b)
1629 3400 1771 3472 Merin-

457 3496 595 3566 dolium
613 3497 673 3569 'est
701 3494 878 3586 reversus,
913 3518 996 3567 cum
1024 3492 1122 3567 libris
1146 3518 1186 3566 ac
1214 3494 1408 3588 mandatis,
1435 3519 1516 3591 quae
1536 3495 1579 3566 ab
1599 3494 1772 3572 Ecclefiis

459 3593 722 3666 Germanorum
750 3590 952 3679 afferebat:
987 3591 1165 3665 Reversus
1195 3594 1315 3665 omnia
1340 3592 1529 3687 legationis
1555 3589 1625 3663 suae
1653 3598 1773 3688 capita
1825 3605 1827 3611 '

457 3688 647 3786 exposuit,
671 3693 790 3787 eisque
808 3690 1001 3765 declaravit
1019 3687 1188 3786 publice,
1214 3692 1251 3763 in
1270 3710 1358 3786 quot
1378 3690 1415 3763 bc
1434 3690 1573 3786 quantis
1591 3693 1771 3771 erroribus

458 3787 701 3881 versarentur,
737 3794 772 3862 in
799 3814 887 3886 quos
914 3810 1049 3864 veteres
1077 3786 1234 3883 ipsorum
1262 3786 1413 3862 ministri
1439 3811 1500 3860 eos
1525 3788 1771 3887 conjecissent.

957 3938 963 3946 -
1058 3885 1097 3959 G
1115 3908 1186 3984 gg
1646 3889 1770 3988 Popu-

500 4036 548 4115 (a)
574 4028 799 4097 RUCHAT.
822 4027 869 4093 T.
889 4034 950 4097 Issi
974 4050 1041 4115 pag.
1062 4031 1135 4111 269,
1160 4047 1231 4110 270.
1303 4057 1312 4068 ¹
1455 4048 1459 4054 ·

499 4122 551 4199 (b)
580 4120 623 4182 lta
648 4111 951 4180 SCULTETUS
971 4136 1038 4178 rem
1054 4113 1147 4177 resert
1164 4119 1185 4177 l.
1205 4136 1233 4179 c.
1252 4136 1281 4197 p.
1293 4131 1364 4198 315.
1389 4114 1669 4184 RUCHATUS
1688 4117 1767 4183 verb

459 4203 634 4359 pgpglraltlols
652 4195 977 4372 {ebiuzrssoimomm
995 4200 1025 4265 dr
1043 4197 1224 4285 Georgium
1241 4198 1444 4271 Maurelluur
1460 4220 1613 4286 utrosque
1629 4201 1768 4274 reversos
