4442 5150
468 645 636 746 Arsaci.
800 577 924 719 R‘E
972 641 1016 719 N
1064 643 1103 718 Ο
1152 640 1191 719 V
1240 644 1273 718 A
1321 644 1361 720 Τ
1409 645 1440 721 1.
1707 669 1777 750 329

466 778 588 877 piebat
621 776 776 850 maxima
809 777 945 849 civium
981 799 1084 871 pars,
1126 774 1316 874 Evangelii
1350 776 1481 875 cupida
1512 775 1551 853 it
1583 777 1689 853 avitae
1714 781 1772 855 su·

464 873 685 971 perstitionis
713 873 870 972 pertaesn.
919 873 1106 946 Haereseos
1130 893 1208 946 tum
1237 876 1355 947 dicam
1378 875 1445 971 ipfi
1471 874 1684 973 scripserunt
1707 879 1771 952 ad·

464 971 628 1064 versarii,
661 973 847 1069 principiis
872 968 1114 1042 obsistendum
1141 968 1209 1043 effe
1233 972 1321 1063 rati,
1357 975 1394 1045 ὅ(
1420 996 1525 1069 quem
1552 977 1771 1071 argumentis

442 1068 627 1145 refellere
653 1068 868 1164 nequibant,
902 1068 1079 1139 conviciis
1103 1065 1184 1140 sunt
1201 1065 1370 1165 aggreffi:
1405 1069 1455 1142 Et
1473 1093 1672 1166 quanquam
1691 1089 1771 1145 tum

461 1188 503 1238 ca
529 1190 581 1239 res
608 1164 629 1237 i
656 1163 863 1261 magistratu
886 1162 1164 1258 Memmingensr
1184 1165 1451 1260 quodammodo
1469 1187 1771 1263 componeretur,

460 1263 598 1360 quippe
625 1264 685 1358 qui
714 1285 757 1334 ne
782 1261 934 1358 amplius
960 1284 1042 1332 eum
1069 1259 1191 1356 probis
1218 1260 1621 1361 lacefferent,‚reliquis
1647 1265 1769 1359 injun-

489 1363 596 1452 ebat,
636 1358 878 1455 Schappelero
905 1356 1331 1430 autem'moderationem
1356 1360 1514 1454 graviter
1539 1362 1769 1434 commenda·

459 1383 545 1543 ἕως
583 1459 725 1528 Tamen
751 1455 800 1526 ita
824 1478 898 1526 non
921 1453 1027 1549 plane
1054 1452 1254 1549 deferbuit,
1283 1474 1325 1526 ut
1342 1453 1527 1528 adversarii
1546 1479 1690 1554 quoque
1707 1480 1770 1528 va·

460 1555 520 1625 riis
547 1550 856 1625 criminationibus
874 1549 1024 1623 eundem
1045 1549 1233 1648 Episcopo
1252 1553 1464 1648 Argustana,
1489 1553 1532 1624 ad
1550 1558 1653 1650 cujus
1671 1552 1766 1628 dioe·

461 1649 556 1722 celin
574 1648 658 1722 urbs
676 1651 940 1745 Mammingensts
957 1645 1195 1741 referebatur,
1221 1649 1369 1720 invitum
1388 1649 1554 1742 reddere,
1579 1652 1768 1724 acerrima·

462 1768 532 1842 que
559 1746 653 1818 illius
676 1748 713 1819 in
739 1769 821 1820 eum
850 1766 1046 1840 provocare
1072 1743 1176 1838 odia,
1210 1767 1282 1816 non
1301 1744 1492 1833 cellarcnt3
1521 1746 1661 1820 Interei
1679 1749 1768 1821 dum

353 1889 360 1903 ·
461 1841 542 1914 ltaec
561 1844 605 1915 A.
621 1865 722 1942 ¹523·
747 1862 943 1940 geruntur,
962 1841 1072 1914 altera
1088 1841 1459 1939 viceSchappelerus‚
1478 1847 1672 1940 proprioue
1685 1870 1765 1917 mo·

461 1958 501 2012 tu
527 1962 570 2012 an
596 1938 683 2013 veri>
710 1941 901 2030 invitatus,
933 1937 1106 2029 dubium,
1132 1935 1249 2012 adiiffe
1265 1939 1643 2038 videturTigurinos,
1668 1941 1765 2041 apud

489 2060 551 2109 uos
579 2039 625 2111 A.
650 2059 753 2136 1523.
787 2035 903 2110 mense
930 2034 1133 2130 Septembri
1162 2035 1412 2110 celeberrimus
1438 2039 1498 2111 ille
1523 2038 1769 2113 celebrabatur

457 2060 696 2227 gonventus,
731 2158 837 2233 quern
856 2130 1239 2228 secundam'diximus,
1273 2134 1418 2231 publica
1442 2134 1652 2209 audoritate
1677 2161 1767 2210 con·

458 2251 647 2328 gregatum
669 2233 740 2327 (a):
776 2233 878 2303 Tum
905 2225 993 2302 verb
1047 2248 1152 2301 uanta
1175 2233 1251 2325 ejus
1276 2232 1410 2329 ingenii
1429 2230 1674 2329 dodirinaeque
1693 2234 1767 2309 laus

455 2326 541 2402 eilet
565 2350 672 2427 atque
699 2325 917 2420 audloritas,
954 2350 998 2399 ex
1021 2253 1216 2424 iugulari,
1251 2351 1431 2425 quocum
1459 2331 1632 2428 Tigurini
1658 2355 1764 2416 orna·

457 2424 569 2515 bant,
594 2427 731 2497 honore
748 2423 895 2499 emicuit
905 2457 918 2511 3
945 2423 1223 2498 Constituerunr
1238 2426 1332 2498 eninr
1352 2448 1431 2498 eum
1451 2424 1522 2498 unal
1540 2450 1622 2499 cum
1641 2428 1767 2522 Joacb.

455 2523 615 2597 Vediano
641 2540 749 2618 atque
774 2525 849 2597 Seb.
867 2524 1059 2618 Hofmanno
1084 2523 1160 2619 ejus
1188 2521 1348 2596 Concilii
1373 2523 1574 2617 Praefidem,
1600 2526 1766 2624 quicum

459 2618 610 2716 collegis
637 2614 704 2691 suis
729 2616 850 2693 sedulo
877 2644 921 2693 ne
948 2620 1033 2717 quid
1059 2619 1159 2716 quod
1184 2621 1241 2692 vel
1263 2620 1461 2716 Scriptura
1482 2623 1519 2695 S.
1537 2621 1621 2697 effer
1638 2623 1765 2699 adver·

457 2713 556 2806 sum,
576 2714 633 2787 vel
650 2714 753 2790 bonis
772 2715 932 2791 moribus
950 2717 1134 2789 inimicum
1154 2717 1212 2790 vel
1229 2737 1393 2814 ageretur
1411 2718 1466 2791 vel
1488 2719 1767 2796 concluderetur

456 2810 675 2909 provideret.
720 2813 809 2886 Inde
834 2837 918 2887 curn
938 2814 1092 2887 ¹domurn
1111 2814 1295 2908 rediisset,
1331 2836 1427 2889 tanta
1453 2817 1489 2886 vi
1508 2814 1627 2911 denub
1646 2818 1766 2891 noster

454 2909 645 3009 Evangelii
674 2909 811 2984 caulam
837 2908 1037 3010 suscipere,
1073 2909 1208 3011 lib-ique
1233 2916 1442 3013 cumprimis
1469 2938 1525 2985 ma
1553 2911 1693 2986 istratus
1720 2939 1763 2988 ac

454 3010 588 3081 civium
609 3010 801 3083 conciliare
818 3006 997 3104 favorem,
1024 3029 1064 3084 ut
1082 3011 1306 3109 magistratus
1323 3014 1482 3110 graviter
1500 2935 1701 3085 adversariis
1719 3035 1765 3089 ue
1790 3064 1794 3074 -

455 3127 536 3177 eum
566 3107 775 3181 haereticum
803 3107 985 3199 dicerent,
1021 3110 1233 3183 interdicere
1259 3134 1331 3182 non
1359 3132 1558 3184 vereretur:
1597 3109 1656 3183 Illi
1674 3110 1765 3183 verb

455 3201 618 3277 Praesulis
646 3203 848 3304 Augustani
874 3203 1109 3279 indelinenter
1131 3207 1267 3304 pulsare
1287 3208 1402 3302 fores,
1427 3231 1632 3307 coquerem
1651 3205 1764 3278 dedu·

454 3322 555 3390 cere,
589 3322 629 3373 ut
658 3305 799 3375 tandem
828 3300 1088 3395 Schappelerus
1106 3304 1151 3376 Α.
1167 3328 1270 3399 ¹524·
1296 3306 1331 3377 d.
1355 3327 1410 3400 13.
1432 3305 1589 3395 Januarii
1608 3301 1763 3375 formula

431 3397 629 3469 minarum
666 3396 859 3495 pleniffima
882 3397 939 3495 (b)
990 3448 1016 3490 „
1039 3397 1242 3495 Dillingam
1270 3401 1386 3473 versus
1411 3402 1455 3472 ab
1484 3401 1670 3496 Episcopo
1697 3396 1762 3470 sub

876 3537 881 3544 '
1135 3515 1151 3569 t
1651 3543 1679 3586 ῃ
1696 3516 1760 3568 ex·

497 3672 546 3751 (a)
570 3689 604 3731 v.
621 3670 738 3738 Introd.
762 3678 850 3761 nostr.
877 3677 907 3761 §-
926 3674 1058 3745 CXIX.
1083 3696 1151 3765 pag.
1164 3694 1234 3761 290.
1254 3697 1326 3759 29¹·
1740 3616 1758 3680 K

495 3776 546 3854 (b)
572 3772 663 3836 Hanc
681 3774 854 3850 formulam
870 3780 959 3845 nobis
977 3780 1216 3847 lirbministravit
1232 3774 1544 3845 SCHELHORN.
1562 3778 1584 3841 l.
1600 3797 1630 3844 c.
1646 3800 1676 3864 p.
1686 3796 1760 3863 320,

453 3872 526 3938 321.
559 3877 630 3938 quac
655 3858 695 3919 ira
714 3858 865 3927 sehabet:
897 3912 919 3946 ,‚
937 3862 1158 3931 Christofferus
1175 3862 1496 3946 Deistllpostolicae
1513 3861 1590 3928 sedis
1606 3864 1701 3947 gratia
1716 3863 1761 3930 E·

452 3987 473 4022 „
490 3942 634 4024 piscopos
661 3939 883 4026 Augustensrs,
916 3947 1034 4013 circuis
1051 3950 1081 4013 in
1099 3948 1224 4013 Christo
1241 3946 1329 4011 nobis
1346 3946 1466 4010 devotis
1483 3947 1663 4013 divinorum
1681 3968 1762 4013 coo-

451 4070 473 4105 „
491 4025 679 4109 peratoribus
704 4023 853 4091 Ecclefiae
867 4031 1057 4174 parochialis
1079 4029 1185 4096 Sandi
1201 4029 1332 4095 Martini
1348 4030 1450 4116 oppidi
1466 4032 1630 4115 imperialis
1648 4031 1762 4096 Mem·

453 4150 475 4185 ‚,
492 4109 639 4191 asingen,
671 4110 844 4191 ceterisque
880 4116 999 4177 alutem
1020 4114 1050 4176 iu
1068 4112 1226 4179 Domino.
1265 4112 1396 4179 Tenore
1411 4116 1606 4202 presencium
1623 4114 1760 4179 vobis&

453 4234 476 4266 2,
494 4194 620 4259 cuilibet
644 4192 783 4263 vestrum
800 4192 838 4258 'iu
862 4192 1000 4259 solidum
1017 4196 1071 4261 sub
1088 4216 1166 4283 penu
1182 4197 1406 4285 indignacionis
1422 4200 1630 4283 mandamus,
1652 4211 1688 4262 ut
1704 4198 1762 4294 ila·

1665 4291 1762 4363 „um
1798 4355 1800 4358 ¹
