4442 5150
461 570 632 730 nrt-30.
798 623 1442 707 RENOVATI.
1624 613 1776 737 ¹403

462 764 585 862 „·pii‚
620 759 711 834 citra
737 756 874 835 Christi
900 759 1082 852 ingentem
1108 753 1290 849 favorem,
1325 757 1418 833 inter
1442 755 1556 855 spinas
1580 755 1776 843 saeviffimas

461 912 490 957 „
511 880 735 936 commorata
750 857 823 950 est,
843 856 1041 952 crebroque
1058 853 1183 928 iisdem
1202 855 1307 952 spinis
1324 855 1457 951 punsla
1473 879 1580 954 atque
1597 863 1776 959 cruciata,

459 1011 489 1056 „
509 956 686 1055 praedi&
710 956 831 1030 favore
858 954 1004 1026 liberata
1029 951 1093 1026 est.
1135 952 1259 1045 Quare
1283 972 1326 1027 ut·
1345 955 1448 1024 nobis
1466 955 1646 1050 consulas,
1673 959 1775 1033 debi·'

460 1110 490 1153 „
509 1059 629 1154 lesque
647 1081 711 1129 nos
731 1054 929 1127 consolides
948 1050 1072 1144 (freter
1089 1075 1183 1123 emm
1204 1077 1223 1121 a
1242 1065 1350 1124 lratre
1366 1051 1508 1146 adjutus
1524 1053 1574 1125 est
1593 1052 1685 1128 ficut
1698 1077 1777 1133 tur·

460 1208 489 1251 „
508 1156 555 1228 ris
572 1153 691 1241 fortis)
710 1153 815 1244 audi,
842 1149 867 1222 sr
886 1151 987 1222 cordi
1006 1150 1080 1237 est,
1105 1156 1231 1241 ritum,
1250 1149 1287 1224 &
1306 1151 1590 1248 qualemcunque
1607 1157 1785 1254 ordinm,-

459 1304 489 1349 „
507 1275 614 1350 quem
632 1252 727 1325 inter
743 1274 807 1323 nos
825 1245 1004 1342 ministros
1022 1246 1206 1320 habemus.

508 1401 535 1442 „
556 1351 600 1423 In
626 1350 750 1446 primis
776 1363 960 1445 quotquot
986 1342 1067 1417 sunt
1092 1342 1289 1440 recipiendi
1316 1344 1521 1439 internos,
1552 1343 1639 1421 cnm
1656 1348 1775 1427 adhuc

458 1498 488 1544 ‚,
507 1446 588 1520 sunt
614 1448 709 1544 apud
736 1444 837 1537 suos,
871 1460 1001 1539 rogant
1026 1442 1179 1537 genibus
1204 1443 1323 1516 curvis
1350 1467 1422 1516 non
1445 1444 1493 1518 ob
1511 1445 1620 1518 alium
1641 1445 1774 1541 finem,

460 1598 490 1640 „
534 1543 615 1618 uim
634 1565 674 1618 ut
694 1567 769 1640 prae
788 1543 821 1617 se
838 1539 950 1615 ferant
970 1541 1233 1632 humilitatem,
1259 1562 1420 1637 quosque
1432 1541 1625 1618 ¹inveniunt
1642 1569 1687 1617 ex
1706 1569 1774 1619 no·

459 1694 488 1739 „
508 1567 672 1715 llratibus
699 1642 872 1738 receptis,
909 1657 949 1710 ut
976 1634 1009 1708 se
1038 1634 1062 1706 fi
1090 1636 1220 1728 libeat,
1248 1637 1285 1710 in
1303 1637 1538 1713 ministerium
1552 1641 1772 1735 admittant,

458 1791 487 1834 „
508 1763 574 1835 pro
591 1738 716 1838 seque,
733 1760 776 1812 ut
794 1738 896 1835 digni
915 1751 1017 1807 tanto
1032 1729 1157 1806 officio
1172 1733 1282 1827 siant,
1300 1736 1522 1810 intercedant
1532 1740 1626 1834 apud
1639 1738 1773 1821 Deum.

458 1888 486 1931 „
509 1837 558 1910 Et
585 1832 668 1913 crim
695 1841 730 1910 in
748 1859 861 1910 unum
879 1831 1134 1922 convenimus,
1159 1834 1420 1906 annuntiantur
1438 1834 1694 1929 praedislorum
1713 1863 1773 1913 ro·

459 1985 489 2029 „
507 1935 668 2031 gationes
694 1933 862 2010 omnibus
887 1928 1054 2004 fratribus
1081 1927 1319 2004 audientibus.
1362 1930 1412 2003 Et
1440 1931 1489 2005 stc
1516 1933 1719 2030 promissis,
1746 1932 1773 2013 li

456 2083 486 2126 „
507 2033 695 2108 habuerint
711 2033 848 2108 bonum
870 2028 1136 2118 testimonium,
1162 2028 1325 2101 omnium
1344 2025 1494 2103 statrum
1508 2031 1774 2127 eonsrliodatut

454 2179 483 2224 „
502 2129 659 2205 docendi
686 2131 816 2206 locus.
846 2120 987 2205 Veritus
1013 2149 1137 2199 omnes
1164 2126 1275 2199 nostri
1301 2127 1497 2222 recipiendi
1515 2151 1681 2210 emanant
1699 2128 1775 2211 fere

455 2225 524 2323 „s
552 2227 751 2305 bestiarum
785 2223 951 2301 custodis
977 2242 1039 2296 aut
1065 2223 1117 2300 ab.
1133 2224 1386 2320 agriculture:
1429 2229 1616 2323 aetatisque
1641 2230 1774 2326 viginti

453 2374 484 2420 „
504 2326 685 2422 quinque,
710 2324 966 2421 &plerunque
983 2321 1137 2416 triginta
1153 2345 1351 2411 annorum,
1376 2319 1572 2418 &prorsus
1592 2325 1773 2404 literarum

453 2471 484 2517 ‚,
503 2441 683 2515 expertes.
723 2423 776 2494 Et
802 2423 978 2493 internos
997 2423 1130 2508 trium,
1156 2419 1277 2492 autad
1294 2418 1471 2491 summum
1490 2439 1645 2514 quatuor
1660 2446 1773 2496 anno·

455 2570 485 2616 „
505 2539 608 2611 rum,
636 2510 777 2593 tantitm
796 2515 936 2591 duobus
953 2535 1016 2591 aut
1035 2515 1150 2589 tribus
1167 2515 1347 2590 mensibus
1359 2516 1532 2612 hybernis
1549 2517 1771 2616 probantur,

455 2667 484 2714 „
505 2612 543 2687 sr-
559 2617 730 2714 congruis
756 2613 926 2715 praestent
952 2614 1126 2688 moribus.
1169 2614 1219 2688 Et
1240 2615 1348 2688 etiam
1367 2614 1421 2688 his
1440 2614 1619 2691 menfibus
1636 2616 1771 2696 docen-

454 2766 482 2811 „
503 2732 562 2785 tur
588 2715 707 2790 literas
734 2717 958 2811 conjungere
986 2715 1023 2790 ὃ(
1043 2712 1180 2810 legere:
1210 2714 1247 2789 &
1266 2713 1450 2786 memoriae
1469 2713 1636 2788 mandare
1651 2716 1772 2798 omnis

454 2864 483 2909 „
504 2811 677 2888 Matthaei
705 2813 742 2887 &
765 2814 936 2905 loannis,
969 2813 1203 2906 omniumque
1221 2808 1473 2907 epistolarum,
1499 2834 1581 2908 quae
1600 2812 1772 2898 dicuntur

453 2961 482 3006 „
500 2908 722 3002 Canonicae,
749 2910 927 3003 capitula,
954 2910 990 2984 ὅ(
1010 2909 1140 2982 bonam
1161 2930 1299 3006 partem
1319 2909 1431 2984 Pauli.
1459 2909 1510 2984 Et
1526 2907 1688 3004 posthaec
1703 2910 1772 2994 duss·

450 3027 631 3104 „cuntur
656 3006 822 3107 praedisli
849 3008 1045 3103 recipiendi
1069 3006 1112 3080 ad
1139 3009 1314 3102 quendam
1341 3007 1488 3101 locum,
1520 3008 1584 3083 ubi
1611 3008 1772 3090 nonullae

454 3157 483 3202 „
502 3106 632 3180 nostres
651 3105 895 3198 mulierculae,
921 3128 1006 3200 quas
1025 3105 1180 3180 dicimus
1197 3105 1352 3199 sorores,
1378 3126 1491 3205 agunt
1509 3109 1621 3181 vitam
1640 3109 1677 3181 in
1696 3116 1770 3191 vir2

451 3257 481 3298 „
499 3204 666 3300 ginitate.
694 3206 743 3280 Et
761 3206 799 3278 in
818 3206 889 3278 hoc
908 3201 992 3274 loco
1011 3202 1176 3297 praedieti
1193 3205 1424 3282 demorantur
1441 3230 1595 3297 aunum,
1623 3204 1661 3279 &
1677 3227 1771 3277 uon·

454 3325 679 3398 „nunquam
700 3303 813 3394 duos,
831 3297 1079 3373 incumbentes
1098 3301 1317 3395 praesertim,
1337 3324 1379 3377 ut
1392 3328 1517 3385 verum
1532 3303 1663 3390 fatear,
1680 3325 1703 3369 o
1731 3326 1770 3386 es

453 3398 599 3489 „ribus
626 3403 784 3474 terrenis.
828 3395 1057 3491 Consumpto
1083 3417 1202 3469 autem
1229 3400 1299 3474 hoc
1317 3420 1503 3494 tempore,
1530 3398 1688 3471 Euchari
1724 3399 1769 3469 iae

452 3542 482 3586 „
501 3488 740 3588 sacramento,
767 3494 1068 3594 impofitioneque
1084 3516 1278 3588 manuum,
1297 3494 1462 3589 discipuli
1480 3491 1644 3589 praedisli
1661 3491 1769 3573 susci-,-

452 3640 483 3684 „
504 3589 653 3684 piuntur
670 3595 706 3665 in
723 3595 938 3689 Presbyterii
958 3594 994 3668 ὃ(
1014 3592 1281 3688 predicationis
1298 3589 1482 3666 officium:
1510 3591 1548 3663 δε
1567 3589 1639 3665 hoc
1657 3589 1768 3692 modo

455 3739 485 3781 „
506 3684 667 3758 instructi
686 3713 726 3763 ae
744 3691 862 3765 edosli
879 3693 921 3765 ad
939 3690 1255 3787 evangelizandum
1273 3689 1351 3765 bini
1367 3690 1596 3764 emittuntur.
1625 3685 1767 3768 verum

452 3836 482 3880 „
501 3805 620 3856 tamen
648 3783 726 3859 talis
752 3812 829 3862 mos
855 3789 1091 3881 observatur,
1126 3809 1168 3862 ut
1194 3784 1345 3861 omnino
1371 3788 1433 3884 qui
1461 3780 1560 3883 prius
1586 3783 1768 3886 susceptus

454 3934 483 3978 „
502 3880 633 3973 suerit,
659 3880 861 3980 sequentem
878 3888 1013 3981 semper
1033 3890 1191 3978 honore,
1217 3886 1449 3983 dignitate&
1463 3884 1768 3970 administratione

451 4030 480 4075 „
500 3980 703 4077 praecedat,
737 3983 840 4076 eique
865 3985 1032 4081 magister
1057 3985 1307 4058 constituatur.
1352 3983 1446 4058 Non
1470 3983 1576 4060 audet
1600 3986 1695 4060 enim
1714 3983 1764 4060 see

453 4127 481 4172 „
499 4102 609 4174 quens
626 4078 696 4154 fine
714 4080 947 4177 praecedentis
966 4081 1136 4172 licentiis,
1154 4081 1311 4179 aliquid,
1328 4079 1765 4182 quantumcunquemini}

453 4222 482 4269 ‚,
497 4200 621 4273 mum,
653 4199 696 4256 ut
722 4178 824 4258 verbi
847 4179 987 4279 grstii,
1012 4178 1135 4352 bllm
1152 4202 1300 4279 aquam,
1325 4180 1558 4264 contreslare.
1599 4179 1766 4284 Non-ta-

1082 4299 1178 4356 σοι
1635 4328 1664 4374 „
1682 4298 1766 4375 men
