4442 5150
1002 635 1143 725 (¹0¹)

462 765 544 840 Hac
558 761 650 860 ergo'
663 756 873 835 conditiones
892 755 991 847 sunt,
1015 755 1283 831 Praestantillimi
1302 760 1364 833 viri
1375 816 1386 851 ‚
1413 761 1542 835 domini
1559 763 1672 839 colen·

410 861 494 935 diss.
515 854 693 931 chartffimi
714 851 920 942 confratres,
942 874 1030 949 quae
1048 872 1082 923 et
1098 852 1196 926 nobis
1220 873 1253 925 et
1274 856 1477 953 unicuique,
1502 879 1538 931 ut
1556 858 1670 957 spero,

413 979 497 1028 vere
515 954 652 1047 piorum
674 970 707 1022 ct
733 947 888 1021 fidelium
909 947 951 1018 ad
973 947 1208 1042 disputationis
1231 945 1333 1041 hujus
1354 970 1459 1025 tutam
1477 972 1672 1051 certamque

411 1048 584 1124 astionem
602 1041 795 1117 necetnriae
811 1042 952 1111 omnino
971 1041 1037 1112 csse
1062 1040 1239 1130 videntur5
1262 1060 1300 1112 ut
1312 1041 1471 1117 nimirum
1489 1046 1604 1119 divina
1616 1072 1673 1121 ve·

411 1145 492 1216 ritas
504 1143 640 1240 syncerc
652 1137 753 1210 simul
767 1157 801 1209 et
814 1134 858 1204 im
908 1135 1036 1207 rterrite
1050 1153 1197 1229 tutoque
1212 1134 1246 1204 in
1264 1134 1375 1207 lucem
1392 1141 1523 1214 tandem
1537 1143 1673 1235 prodire

411 1234 531 1334 poffit,
551 1233 810 1328 necquicquam
821 1251 864 1299 ve
889 1227 1040 1328 insidiose
1055 1229 1109 1300 vel
1134 1230 1217 1301 dolo
1237 1229 1329 1300 malo
1350 1255 1409 1326 per
1429 1235 1671 1327 praejudicium

409 1329 553 1426 aliquod
578 1326 789 1424 transigatur.
842 1321 894 1395 Ut
922 1345 1071 1417 primum
1095 1323 1186 1395 enim
1213 1322 1277 1396 tale
1304 1325 1465 1419 quiddam
1496 1327 1673 1418 incideret,

408 1425 479 1522 jam
493 1423 545 1494 rel
552 1420 717 1492 civilibus
733 1412 832 1491 bellis
854 1416 1035 1490 Helvetiae
1044 1417 1155 1491 totius
1168 1438 1234 1511 pax
1247 1437 1281 1491 ct
1296 1415 1509 1492 incolumitas
1519 1420 1674 1515 quassan-

413 1518 458 1590 oa
473 1516 569 1601 effct,
593 1515 648 1587 vel
667 1514 831 1585 discordia
853 1511 933 1583 baec
952 1511 1054 1610 longe
1070 1511 1209 1610 gravior
1228 1530 1262 1582 et
1277 1513 1440 1603 atrocior,
1461 1538 1563 1610 quam
1581 1539 1674 1589 nunc

412 1609 478 1698 fit,
502 1607 710 1708 grassaretur.
761 1607 902 1678 Horum
919 1604 1045 1699 'itaque
1061 1605 1220 1677 omnium
1239 1603 1391 1702 diligenti
1412 1608 1677 1683 confidentione

412 1703 527 1778 ltabita
538 1700 660 1802 singuli
679 1702 712 1772 in
729 1700 795 1772 hnc
807 1695 1022 1787 incumbant,
1040 1721 1079 1773 ut
1092 1698 1317 1798 institutajant
1330 1701 1513 1796 disputatio
1529 1699 1549 1774 ὲ
1566 1704 1674 1777 Bade-

408 1816 457 1871 tta
474 1799 508 1870 in
524 1797 622 1869 aliam
641 1793 759 1868 urbem
780 1793 936 1880 liberam,
959 1811 993 1865 ct
1011 1793 1149 1887 utrique
1160 1793 1245 1889 patri
1257 1797 1526 1869 commodiorem
1535 1799 1675 1872 transfe·

413 1899 519 1966 ⁸ratur.
568 1891 663 1966 Nam
682 1907 851 1984 quantum
872 1887 913 1958 ad
933 1907 989 1958 me
1005 1883 1151 1981 spedat,
1167 1888 1236 1984 jam
1248 1909 1324 1960 ante
1343 1913 1455 1962 coram
1470 1892 1674 1987 amplissimo

416 1983 579 2085 Tigurini
590 1985 731 2058 Senatus
748 1982 866 2054 ordine
883 1981 984 2052 animi
1004 1981 1069 2054 mci
1088 1981 1279 2054 sententiam
1292 1982 1420 2056 disertis
1434 1984 1544 2058 verbis
1565 2010 1675 2084 expo·

414 2077 467 2152 stti
477 2080 588 2190 ,quod
598 2078 639 2150 ad
649 2076 906 2171 disputationem
921 2074 1105 2147 Badensem
1115 2098 1290 2172 nunquam
1305 2079 1495 2151 accessurus
1512 2078 1591 2153 fim:
1611 2105 1675 2156 nec

414 2169 745 2271 mihijnstaedesunt
759 2168 887 2256 causae,
907 2191 1062 2264 quaeme
1078 2168 1164 2242 illud
1177 2169 1284 2243 lacere
1295 2171 1489 2266 prohibent.
1538 2174 1671 2248 Badena

416 2270 508 2340 enim
525 2288 591 2338 non
610 2267 658 2338 sui
671 2265 759 2362 juris
775 2264 942 2360 oppidum
954 2260 1024 2349 est,
1048 2259 1103 2335 sed
1113 2263 1223 2336 alieno
1244 2265 1387 2362 imperio
1402 2289 1516 2363 parere
1525 2272 1675 2367 cogitur.

415 2360 467 2434 Et
479 2361 554 2434 licet
564 2359 645 2433 οᾶο
661 2382 828 2456 pagorum
840 2357 960 2430 ditioni
979 2355 1239 2452 subjectumne
1272 2359 1385 2456 potior
1399 2382 1510 2435 tamen
1523 2386 1597 2455 pars
1614 2387 1674 2458 pe.

413 2479 472 2530 nes
499 2451 751 2541 Lucernenses,
778 2452 952 2541 Urianos,
976 2450 1182 2542 stimules,
1209 2448 1440 2560 Subsylvanos
1457 2476 1491 2528 et
1509 2457 1672 2556 Tuginos

411 2547 479 2640 cst,
499 2569 538 2623 ut
587 2547 688 2653 sequi
704 2543 940 2646 suffragiorum
953 2568 1097 2620 numero
1114 2547 1264 2645 reliquos
1276 2569 1433 2642 vincant,
1454 2570 1487 2625 et
1499 2549 1674 2650 inclytissi-

413 2667 506 2719 mam
524 2573 777 2739 iigunnorum
799 2643 968 2715 civitatem
987 2640 1010 2711 ἐ
1029 2640 1179 2712 consessu
1197 2646 1290 2715 exire
1311 2664 1450 2742 cogant:
1474 2666 1543 2740 qua
1558 2669 1673 2720 autem

413 2738 603 2834 aequitate,
624 2756 696 2830 quo
710 2736 800 2831 jure,
820 2757 913 2810 nunc
929 2759 997 2807 non
1018 2734 1068 2806 cst
1084 2734 1214 2806 dicendi
1235 2735 1342 2809 locus.
1392 2740 1563 2811 Praeterea
1579 2748 1673 2833 quin·-

439 2860 481 2902 ne
505 2829 558 2901 illi
575 2828 679 2901 modo
693 2831 946 2931 commemorati
964 2835 1040 2926 pagi
1058 2833 1127 2925 jam
1148 2847 1224 2901 ante
1240 2828 1274 2901 in
1291 2830 1357 2903 hoc
1373 2831 1608 2995 conputarunt,
1635 2851 1674 2908 ut

415 2859 519 3001 idem
535 2945 569 2998 et
595 2919 806 3014 dodlrtnam,
828 2950 930 3022 quam
947 2922 1155 3025 egodocere
1174 2924 1336 2998 consuevi
1353 2944 1386 2997 et
1405 2924 1427 2996 il
1444 2926 1453 2996 i
1475 2924 1673 3000 haereticam

413 3021 480 3095 etse
494 3018 681 3108 clamitant,
702 3018 958 3115 persequantur.
1012 3019 1150 3092 Adhacc
1161 3042 1215 3092 tne
1227 3042 1289 3094 ceu
1305 3020 1507 3097 haereticum
1519 3023 1675 3119 undique

413 3115 623 3213 proclamant
639 3134 672 3186 ct
694 3112 931 3208 proscribunt:
956 3115 1050 3211 quod
1075 3114 1085 3185 i
1114 3115 1186 3188 sum
1209 3137 1277 3188 non
1294 3116 1400 3189 modo
1415 3139 1525 3214 nuper
1544 3115 1674 3191 fastum

414 3210 464 3285 est
475 3207 565 3305 apud
578 3208 743 3311 Qrisoncs
764 3209 912 3312 Rhaetos
925 3230 958 3281 ct
970 3213 1034 3312 San
1060 3140 1233 3283 atienfiun
1250 3212 1677 3311 populum,vsrumetiam
1700 3222 1702 3224 ’

415 3326 484 3376 non
496 3300 751 3405 multtsabhmc
762 3300 898 3393 dicbus,
907 3303 995 3375 itlem
1008 3232 1093 3376 iliud
1108 3306 1141 3377 in
1154 3305 1193 3375 iis
1206 3304 1308 3395 literis
1321 3306 1509 3380 factitatum
1521 3308 1676 3400 est,quas

415 3395 704 3491 deDisputattnne
715 3394 975 3470 haninchoanda
986 3397 1065 3470 hinc
1076 3398 1155 3473 inde
1167 3400 1437 3487 transmiserunt,
1446 3400 1578 3470 interim
1593 3421 1677 3469 veto

415 3491 452 3563 in
466 3490 583 3576 literis,
600 3511 687 3585 quae
697 3491 737 3561 ad
750 3492 798 3562 Ti
826 3495 941 3564 urinos
952 3492 1086 3565 noslros
1095 3510 1189 3565 erant
1204 3492 1417 3587 perferendae
1429 3515 1496 3563 non
1508 3488 1575 3562 sinc
1586 3490 1677 3563 astu·
1700 3571 1703 3579 ,

416 3604 454 3658 to
464 3583 547 3656 dolo
564 3583 652 3688 idem
669 3582 755 3687 illud
777 3514 824 3658 αξ
836 3586 916 3679 ipsis
925 3586 1084 3659 omissum
1096 3588 1163 3661 cst:
1187 3588 1273 3682 quid
1287 3611 1368 3659 vero
1379 3608 1423 3658 ex
1436 3585 1502 3657 hoc
1517 3583 1578 3657 sus
1597 3584 1676 3658 icari

416 3677 558 3776 possim,
581 3676 651 3747 aliis
672 3678 915 3753 aestimandum
933 3680 1167 3779 relinquimus.
1217 3684 1302 3755 item
1322 3702 1391 3751 non
1413 3678 1530 3751 multis
1551 3608 1678 3753 aihinc

416 3788 510 3845 retro
525 3769 616 3841 annis
633 3790 700 3842 tam
724 3773 785 3867 ipsi
803 3799 905 3869 quatu
925 3775 1169 3873 Friburgenses
1183 3793 1444 3871 praeceperunt,
1469 3794 1507 3846 ut
1522 3775 1680 3871 captivus

414 3863 510 3938 nulla
534 3866 771 3939 communium
799 3869 969 3945 soedctum
999 3873 1125 3943 ratione
1150 3868 1263 3941 habita
1290 3870 1485 3943 Lucernam
1515 3868 1679 3945 abducar.

413 3956 579 4060 Friburgi
595 3958 676 4033 item
696 3960 802 4038 libros
823 3956 916 4042 ineos
926 3978 947 4059 ,²
959 3960 1056 4039 nulli
1079 3963 1217 4039 admissi
1232 3962 1469 4064 excusatione,
1485 3964 1682 4040 combusle·

956 4115 958 4119 .
1000 4060 1040 4136 N
1069 4079 1089 4157 3
1589 4078 1682 4133 runt.
