4442 5150
443 662 522 760 '34⁶
640 609 1508 728 moronraavnnoaurr
1650 651 1756 748 1527.

446 802 526 875 tor,
537 781 670 878 quique
679 776 850 875 Episcopi
861 770 1056 848 Salooenfis
1070 751 1217 867 gerebat
1231 773 1396 864 titulum,
1407 773 1489 844 c'um
1501 771 1585 866 suis,
1599 775 1756 853 Millati·

452 897 537 957 eum
564 875 775 950 sacrificium
797 871 963 967 fingulari
983 868 1119 964 scripto
1137 867 1325 941 defendere
1342 872 1535 964 annititur,
1561 871 1681 948 addita
1700 877 1760 950 ille

452 992 571 1048 tamen
598 974 773 1045 cautione.
790 968 956 1059 ungulari
975 967 1025 1056 (a)
1053 967 1151 1059 quod
1177 966 1243 1037 hac
1270 967 1407 1038 ratione
1429 992 1502 1038 non
1521 970 1761 1066 praejudicare

451 1095 520 1145 nec
540 1070 714 1166 Episcopi
732 1088 798 1138 nec
817 1064 1001 1161 Capituli,
1021 1082 1188 1158 tanquam
1207 1061 1347 1137 suorum
1360 1064 1614 1159 Superiorum‚
1634 1067 1761 1142 audio·
1814 1139 1817 1146 .

453 1169 551 1242 rituti
578 1168 686 1256 velit,
713 1165 856 1260 'quippe
872 1162 932 1257 qui
951 1160 1033 1254 ipfis
1050 1183 1094 1231 ne
1111 1161 1150 1232 id
1167 1158 1323 1239 facerent
1340 1161 1620 1256 interdixerant,
1648 1189 1761 1261 quan·

453 1270 558 1360 quam
578 1264 709 1334 interea
729 1261 908 1355 propriam
928 1257 1021 1329 suam
1041 1255 1112 1350 ipse
1132 1280 1293 1351 promere
1310 1255 1518 1331 sententiam
1537 1261 1762 1338 nonderrec·

450 1362 602 1450 raverit,
631 1357 675 1430 ad
697 1358 731 1428 id
752 1354 985 1450 Magistratus
1002 1353 1214 1426 auetoritate
1230 1347 1384 1427 adadun.
1426 1357 1700 1451 oecolampadius
1716 1384 1764 1435 ex

450 1453 593 1528 adversa
618 1469 718 1553 parte
739 1454 887 1548 ejusque
903 1451 1056 1546 collegae
1078 1449 1133 1544 (b)
1152 1469 1319 1520 armatam
1341 1448 1406 1540 (fic
1423 1449 1518 1524 enim
1535 1465 1651 1527 vocat
1664 1457 1763 1531 illam

450 1550 773 1647 oecolampadius)
792 1550 988 1620 orationem
1009 1566 1132 1642 parant
1149 1545 1314 1642 deinceps
1331 1549 1428 1642 typis
1444 1548 1665 1646 imprelsam‚
1693 1576 1764 1648 qut

452 1651 587 1723 docent
613 1647 646 1720 se
669 1645 772 1743 justis
790 1646 834 1718 de
851 1644 962 1717 causrs
981 1641 1123 1714 Missam
1141 1642 1328 1741 appellatio
1345 1647 1514 1738 blenaypa
1532 1644 1605 1719 five
1621 1649 1762 1722 abomi-

451 1749 646 1819 nationem.
675 1745 743 1816 His
758 1741 936 1813 exhibitis
950 1739 1099 1830 libellis,
1119 1758 1259 1811 netum
1278 1741 1422 1836 quidem
1441 1744 1587 1838 propria
1603 1744 1761 1820 auetori-

448 1862 527 1917 tnte
550 1843 619 1913 hoc
639 1839 830 1913 discidium
852 1836 916 1907 fibi
935 1835 1172 1907 dirimendum
1188 1837 1375 1933 J‘udicabtt
1393 1837 1566 1932 Senatus,
1591 1844 1679 1937 quin
1696 1867 1765 1940 po·

451 1941 523 2012 tius
543 1939 577 2009 id
595 1933 831 2007 differendum
850 1932 919 2005 elle
937 1933 980 2003 ad
998 1932 1207 2005 Concilium
1227 1934 1407 2030 quoddam
1426 1933 1672 2034 Ecclesraeque
1689 1942 1765 2014 Ca·

451 2036 603 2107 tholicae
629 2029 783 2139 effatum·
804 2028 995 2141 arguebat:
1033 2029 1131 2140 Qae
1152 2028 1223 2101 five
1241 2029 1440 2142 moderatio
1461 2029 1534 2106 five
1550 2035 1762 2132 tergiversa-

452 2123 1765 2328 {lllllilllln1llllallisitillalslllllnilll}

480 2349 524 2396 oe
548 2324 585 2396 d.
606 2345 751 2395 xxviii.
771 2321 864 2415 Maji
883 2321 1026 2394 tolleret
1046 2321 1197 2396 Senatus
1215 2320 1291 2415 (c),
1317 2323 1454 2420 quippe
1494 2348 1553 2397 ure
1570 2349 1643 2398 non
1662 2327 1765 2401 oneri

447 2346 680 2500 solummodb
707 2438 781 2492 erat
808 2417 914 2517 plebi0
931 2417 987 2491 sed
1013 2418 1052 2492 ὃ(
1078 2419 1182 2491 variis
1199 2418 1487 2496 commessationi
1512 2445 1554 2496 us
1569 2420 1766 2498 saltationi·

451 2514 518 2593 bus
543 2523 580 2595 &
607 2515 941 2614 compotationibus
967 2512 1214 2591 cummaxime
1233 2515 1347 2590 ansam
1366 2518 1496 2615 dabat,
1521 2541 1630 2620 atque
1648 2522 1762 2596 irreli-

415 2681 418 2686 .
452 2614 588 2715 giosam
617 2613 721 2711 plane
748 2612 926 2687 efficiebat
951 2615 1163 2711 religionem
1183 2614 1265 2706 (d);
1293 2614 1477 2711 Deinceps
1494 2613 1636 2711 tamen,
1663 2619 1767 2716 (licet

449 2711 709 2811 Augustiniani
735 2735 878 2809 quoque
906 2712 942 2784 ὃ(
966 2712 1194 2784 Franciscani
1212 2710 1382 2785 coenobia
1398 2711 1458 2785 sua
1474 2714 1513 2786 in
1530 2716 1767 2813 Magistratus

453 2811 667 2908 potestatem
687 2808 920 2905 resignarent)
940 2808 1012 2902 ipse
1023 2810 1171 2882 Senatus
1188 2808 1281 2882 inter
1298 2808 1332 2882 se
1350 2807 1481 2884 divisus
1500 2811 1667 2887 haetenus
1681 2840 1766 2913 pro·

450 2911 623 2997 nunciare
639 2909 831 3008 quicquam
849 2906 895 2978 de
914 2903 1024 2980 Missa
1040 2917 1114 2979 non
1131 2903 1282 2980 audebat
1301 2905 1373 3001 (e),
1400 2905 1466 2981 nili
1485 2910 1584 3005 quod
1602 2910 1768 2983 lubenter

450 3047 463 3056 ··
1674 3028 1766 3078 cou-

493 3200 545 3282 (ει)
568 3218 602 3261 ν.
620 3190 846 3264 RUCHAT.
865 3200 887 3261 l.
905 3218 935 3263 c·
952 3208 1065 3281 9477·
1089 3218 1127 3265 ex
1143 3192 1391 3263 HOTTING.
1409 3192 1509 3259 Helu.
1528 3196 1571 3261 K.
1587 3195 1630 3259 G.
1649 3217 1678 3278 p.
1691 3212 1763 3278 370.

493 3284 547 3365 (b)
572 3283 615 3347 Hi
639 3297 709 3347 tum
726 3300 862 3345 numero
877 3279 995 3365 septem
1012 3300 1167 3347 unacum
1186 3279 1325 3344 Oecolam
1345 3278 1532 3357 adicerent,
1558 3279 1765 3347 Hieronlmus

452 3366 615 3433 naitanus
640 3364 884 3450 Oecolarnpadii
907 3363 1060 3445 vicarius,
1085 3363 1221 3430 Marcus
1237 3294 1363 3440 Remini
1381 3359 1487 3455 Pallor
1506 3360 1765 3442 Leonbardinus,

453 3450 609 3517 Baltbasar
631 3448 791 3537 Foeglinas
814 3449 882 3539 ejus
906 3448 1056 3528 vicarios,
1087 3445 1247 3527 Wolfgan
1270 3465 1306 3509 ns
1329 3443 1540 3543 Werffenburg
1562 3445 1766 3512 Xenodocbii

468 3548 471 3554 ’
492 3537 573 3617 stor,
597 3534 743 3600 Thomas
762 3531 935 3611 dicier-fall
951 3530 1059 3596 Pallor
1075 3528 1226 3597 Ecclesia
1277 3528 1767 3613 agullimanorumdtloh.Lut·

473 3619 567 3680 ardus
584 3620 610 3681 F
614 3620 881 3683 ranciscanorum.

496 3701 548 3780 (c)
572 3701 636 3764 vid.
661 3698 908 3765 HOTTING.
932 3700 1031 3765 Helv.
1055 3696 1097 3760 K.
1116 3694 1161 3759 G.
1185 3710 1339 3780 pag.370,
1357 3713 1429 3779 371.

497 3784 550 3863 (d)
577 3782 659 3845 lnter
682 3786 742 3849 alia
758 3786 797 3850 ita
814 3788 1009 3869 loquuntur:
1033 3777 1102 3843 Das
1118 3778 1202 3841 nicht
1215 3781 1366 3865 gefeiret,
1382 3780 1451 3865 fich
1468 3805 1528 3845 aon
1537 3783 1659 3863 funden
1669 3804 1766 3869 geza·

451 3887 533 3952 gen:
548 3866 680 3945 sondern
696 3864 761 3929 tiiei
775 3867 861 3930 mehr
878 3868 946 3930 dem
963 3857 1075 3943 Teusei
1083 3860 1247 3947 gelienet,
1269 3862 1381 3947 heiffcn
1397 3889 1467 3953 mag
1486 3867 1548 3931 dte.

497 3950 547 4033 (e)
571 3947 622 4014 Sic
640 3950 722 4013 enim
740 3946 1026 4017 OECOLAMP.
1048 3946 1087 4011 ad
1104 3944 1251 4032 zwingl.
1267 3949 1298 4012 d.
1317 3953 1375 4013 ult.
1393 3951 1447 4015 Au
1474 3996 1481 4011 .
1503 3950 1689 4029 Leffasunt
1705 3970 1764 4010 nn·

456 4034 525 4098 dius
549 4035 679 4115 tertius,
710 4033 759 4096 hic
782 4058 883 4098 coram
907 4037 1023 4100 Senatu
1046 4053 1113 4123 que
1135 4031 1172 4096 de
1195 4032 1366 4119 abroganda
1389 4033 1444 4097 Mi
1468 4058 1487 4095 a
1502 4034 1678 4120 stripfimus
1701 4033 1764 4096 dte.

454 4117 574 4182 Iterum
598 4118 779 4206 aliquandiu
795 4122 983 4198 sententiam
1007 4134 1044 4181 ut
1067 4140 1176 4180 verear
1184 4117 1379 4204 suspendent.
1420 4118 1541 4183 luterei
1559 4117 1637 4181 verb
1653 4116 1767 4197 reliqui

455 4185 704 4270 diffemlnabant:
744 4252 765 4285 ‚,
787 4203 941 4268 Senatum
962 4204 1043 4269 banc
1065 4200 1248 4267 seutentiam
1273 4201 1400 4284 ruliffe,
1429 4216 1465 4266 nt
1488 4200 1675 4268 Sacerdotes
1700 4217 1769 4265 non

455 4337 477 4374 ‚,
493 4285 649 4357 narrantes
665 4286 906 4375 proscribantur.
921 4332 945 4372 ‚‚
974 4287 1039 4355 vid.
1055 4283 1307 4355 HOTTlNG.
1331 4290 1354 4352 1.
1370 4306 1400 4354 e.
1420 4307 1451 4370 p.
1461 4300 1534 4370 371·
