4442 5150
478 648 503 705 a
666 616 1049 696 HISTORIA
1092 617 1534 701 EVANGELII

480 754 684 854 postremo,
719 756 863 850 Imperii
875 754 925 845 (a)
953 749 1050 850 quali
1078 752 1230 845 Haeres,
1265 776 1378 829 totam
1402 757 1586 854 Europam
1605 755 1719 857 spe&
1739 758 1792 836 fa·

381 864 383 868 ’
479 853 730 954 talipotentia‘
741 849 945 951 complebis*
956 849 1049 923 risus
1064 848 1153 922 esta*
1164 872 1321 949 cumque
1338 866 1399 931 tot
1416 855 1582 930 locorum
1598 858 1794 933 intervallis

479 950 519 1026 dt
538 951 705 1033 moribus
731 941 974 1021 distindtat'um
1001 946 1190 1022 nationum
1211 949 1382 1050 Princeps
1400 951 1507 1043 effer,
1531 977 1576 1026 ex
1598 953 1793 1030 Germania

478 1050 681 1140 oriundus,
725 1047 763 1119 in
790 1046 921 1144 Belgio
945 1066 1047 1118 natur
1074 1043 1112 1119 δε
1140 1045 1343 1143 educatus,
1386 1050 1425 1122 in
1451 1047 1623 1147 Hispania
1649 1071 1791 1145 tamen,

480 1147 650 1244 quamdiu
679 1169 743 1241 per
768 1142 862 1218 bella
887 1143 1030 1217 Gallica
1057 1141 1094 1214 δε
1121 1140 1340 1219 Germanica
1365 1145 1493 1237 licuit,
1525 1145 1640 1219 sedeur
1660 1151 1791 1242 pratoi-

481 1267 588 1341 puam
617 1242 764 1331 habuit,
799 1243 836 1314 dc
863 1240 1107 1335 Hispanorum
1135 1237 1248 1311 ductu
1274 1243 1430 1314 maxima
1456 1242 1580 1338 praelia
1605 1241 1716 1336 fecit,
1750 1270 1793 1318 ac

481 1336 689 1438 postremis,
722 1338 926 1411 renuntiato
953 1335 1111 1432 Imperio
1140 1337 1178 1409 ὃ(
1204 1338 1376 1410 abdicatis
1402 1340 1544 1435 Regnis
1563 1339 1613 1410 ibi
1633 1342 1793 1435 privatus

480 1440 574 1512 mori
600 1437 730 1511 voluit.
777 1435 866 1508 Erat
893 1433 1029 1508 Carolo
1056 1431 1183 1505 Frater
1207 1434 1645 1522 FERDlNANDU83
1689 1438 1793 1512 Huic

464 1535 681 1627 ,austriaca
715 1531 912 1625 provinciae
949 1531 985 1601 in
1013 1527 1188 1602 divisione
1213 1531 1430 1627 baereditatis
1456 1555 1555 1615 erant
1582 1531 1792 1631 adscriptae,

481 1636 576 1707 unde
602 1635 629 1706 is
653 1632 832 1709 Arrhidax
860 1629 1007 1722 Austriae
1030 1627 1117 1737 inda
1143 1628 1186 1699 ab
1215 1633 1260 1703 Λ.
1283 1652 1386 1726 1521.
1420 1650 1528 1728 atque
1554 1630 1721 1729 deinceps
1747 1658 1793 1706 ex

480 1730 647 1827 padiione
675 1723 786 1800 modo
812 1744 1095 1798 commemorata
1121 1723 1166 1797 ab
1187 1729 1233 1800 A.
1248 1739 1350 1820 1526.
1386 1731 1465 1801 Rex
1480 1727 1551 1801 fuit
1569 1731 1735 1803 Brhemr'ae
1755 1732 1793 1807 &

480 1833 690 1923 Hungariae,
725 1823 946 1918 usquedum
976 1823 1013 1894 &
1044 1824 1210 1918 A.153r.
1244 1828 1320 1898 Rex
1348 1828 1573 1899 Romanorum
1589 1839 1805 1922 crearetur,

481 1925 696 2093 tanqemque
714 1921 758 1993 ad
776 1918 889 2017 ipsum
909 1920 1088 2015 Imperium
1107 1920 1188 2015 post
1207 1920 1330 1995 Caroli
1350 1922 1612 1996 abdicationem
1629 1927 1675 1995 A.
1690 1936 1797 2021 ¹55⁶·

479 2045 545 2096 eve
573 2041 712 2093 eretur:
1415 2066 1435 2103 ,

528 2131 559 2205 §.
580 2119 631 2191 ΙΙ.
658 2113 914 2190 CAROLUS
934 2133 1077 2207 autem,
1094 2114 1151 2186 uti
1167 2113 1430 2213 pptentissimus
1448 2135 1522 2189 erat
1532 2116 1725 2215 Princeps,
1744 2119 1796 2194 ita

480 2241 566 2290 cum
593 2217 731 2289 virtute
755 2215 790 2284 in
816 2235 860 2294 eo
885 2211 1044 2286 certabat
1061 2210 1226 2303 fortuna,
1251 2213 1419 2310 illiusque
1436 2216 1572 2288 meritis
1589 2213 1796 2314 supremum

480 2313 663 2389 felicitatis
687 2309 871 2408 fastigium
895 2308 1116 2406 imponebat.
1158 2311 1305 2405 Atque,
1329 2313 1384 2389 uti
1402 2312 1587 2408 ingenium
1605 2316 1682 2411 ejus
1700 2315 1795 2388 cele·

480 2411 606 2486 bratur
624 2413 660 2486 dc
681 2409 870 2507 prudentia
887 2409 923 2480 in
942 2406 1120 2500 conliliis,
1146 2407 1345 2480 constantia
1362 2408 1581 2502 inadversrs,
1600 2411 1636 2482 in
1650 2409 1798 2506 prospe·

480 2509 529 2582 ris
556 2509 776 2600 moderatio,
812 2504 999 2604 praesentia
1023 2507 1132 2578 animi
1159 2507 1197 2577 in
1218 2505 1410 2601 periculis,
1435 2507 1670 2603 temperantia
1686 2527 1796 2606 atque

477 2606 642 2705 justitia,
672 2609 727 2680 lta
750 2607 977 2703 praecipuum
997 2604 1033 2677 in
1052 2603 1128 2701 ipso
1144 2604 1314 2695 Pietatis,
1340 2605 1377 2677 id
1393 2602 1466 2697 est,
1491 2606 1599 2678 animi
1618 2607 1655 2678 in
1675 2606 1796 2679 Deum

481 2704 520 2780 ἃ
539 2704 772 2804 Religionem
800 2699 989 2799 propensa,
1024 2700 1188 2774 laudatur
1207 2698 1385 2798 studium,
1411 2726 1613 2800 quanquam
1632 2728 1704 2776 non
1725 2703 1799 2776 fine

476 2804 689 2878 intermixta
713 2798 984 2900 superstitione,
1016 2800 1077 2873 cui
1101 2818 1144 2873 ut
1169 2800 1364 2874 innutritus
1389 2821 1488 2895 erat,
1521 2803 1573 2875 ita
1597 2821 1671 2875 tam
1690 2798 1798 2875 facile

479 2903 689 2975 renunciare
706 2924 779 2972 non
797 2915 963 2992 potetate

528 3010 560 3084 ς.
580 2999 654 3069 ΙΙΙ.
682 2995 747 3067 Est
773 2991 884 3085 verb,
917 3015 964 3063 ne
987 2988 1251 3064 extimescenda
1275 2989 1337 3062 illa
1362 2990 1487 3064 Caroli
1505 2990 1674 3063 Potentia
1690 2992 1799 3067 nimis

480 3113 543 3169 aut
568 3094 687 3190 gravis
713 3091 900 3179 evaderet,
925 3104 987 3160 aut
1005 3085 1155 3159 molesta
1171 3085 1402 3183 Principibus
1422 3087 1595 3183 lmperii,
1620 3106 1699 3161 tum
1719 3113 1798 3164 cer·

481 3193 528 3267 tis
547 3186 757 3287 quibusdam
778 3185 857 3286 (sub
875 3182 1157 3280 Capitulationis
1175 3184 1301 3269 titulo)
1322 3183 1516 3281 propofitis
1531 3184 1694 3282 Legibus
1712 3210 1797 3260 cau·

481 3308 587 3375 turn,
624 3288 699 3360 Has
727 3282 798 3381 ipse
817 3307 881 3380 per
897 3282 1058 3378 Legatos
1075 3280 1154 3354 suos
1170 3282 1207 3353 in
1224 3280 1257 3355 se
1275 3283 1435 3378 recipere
1453 3281 1601 3374 debuit,
1628 3283 1799 3381 tanquam
1928 3326 1935 3335 „

480 3388 635 3462 totidem
656 3387 815 3461 Summae
836 3378 1024 3454 Potestatis
1042 3377 1079 3451 in
1095 3377 1210 3476 ipsum
1229 3379 1273 3454 ab
1285 3378 1513 3455 Eledtoribus
1523 3380 1688 3476 collatae,
1708 3405 1798 3456 con·

484 3485 637 3561 ditiones
658 3484 740 3579 (δὶς
776 3478 889 3553 Erant
908 3497 1026 3551 autern
1045 3476 1236 3572 ejusmodi.
1355 3536 1361 3549 .
1768 3523 1774 3539 .

535 3608 567 3660 r.
593 3584 759 3655 Tueatur
783 3575 1063 3675 Rempublicam
1083 3574 1345 3669 Christianam,
1370 3573 1586 3675 pontificem
1605 3576 1643 3654 dt
1663 3576 1796 3651 Eccle-

579 3680 665 3753 fiarn
686 3683 911 3767 Romanam,
936 3675 1040 3771 cujus
1061 3670 1103 3745 fit
1123 3674 1329 3748 advocatus.

530 3800 566 3852 2.
591 3778 655 3870 Jus
674 3774 898 3871 aequabiliter
915 3768 1136 3845 administret
1156 3772 1293 3867 &paci
1313 3769 1486 3846 consulat.

532 3896 566 3973 3.
594 3876 711 3973 Leges
730 3896 852 3945 omnes
872 3871 1042 3969 imperii,
1061 3868 1248 3966 praecipue
1265 3892 1370 3964 quam
1387 3872 1542 3942 Auream
1561 3888 1692 3946 vocant
1707 3868 1796 3943 Bul·

576 3972 670 4063 lam,
706 3995 779 4043 non
805 3968 914 4042 modo
941 3966 1157 4060 confirmet,
1191 3966 1251 4041 sed
1270 3969 1314 4042 de
1332 3964 1491 4064 ipsorum
1510 3966 1683 4061 confilio,
1709 3989 1797 4040 cuna

576 4096 631 4147 res
650 4075 698 4146 ita
713 4069 827 4161 feret,
854 4066 1052 4163 amplificet
1069 4066 1188 4139 etiam.
1667 4087 1705 4159 4.
1730 4064 1825 4153 See'

523 4198 573 4279 (a)
599 4197 645 4262 lta
661 4195 860 4262 THUAN.
887 4194 966 4260 Hist.
992 4194 1033 4260 L.
1053 4194 1077 4259 Ι.
1102 4195 1133 4277 p.
1152 4196 1212 4262 111.
1237 4195 1367 4259 solra.-

522 4282 575 4364 (b)
598 4280 663 4352 rid.
687 4278 915 4350 SLlilDAN.
941 4278 1132 4349 Commeat.
1154 4277 1445 4367 Lib.r.·p.17.sq.
