4442 5150
463 635 634 734 mm
775 632 1416 712 Renovare
1669 670 1782 751 .m

463 822 492 866 „
519 766 714 844 tellexisl'e:
733 821 760 862 „
803 767 862 840 Ad
880 773 1028 864 primum
1046 765 1226 863 respondit
1247 768 1451 863 Lutherus,
1477 771 1662 851 Christum
1681 780 1787 878 apud·
1888 827 1892 835 ·

460 868 688 964 Johannem,
724 866 899 958 dicendo,
933 869 1017 962 quld
1038 891 1114 939 earo
1139 892 1200 939 rrorr
1221 874 1346 962 profit,
1382 894 1455 941 non
1480 896 1585 969 agere
1609 879 1778 953 decarne

461 965 544 1060 sua,
578 966 708 1040 nedum
736 966 781 1039 de
807 989 912 1037 carne
938 967 974 1035 in
1003 964 1233 1037 Sacramento
1261 966 1505 1061 eucharistiae,
1540 971 1596 1044 sed
1618 976 1661 1047 de
1680 978 1777 1052 sensu
1844 1041 1849 1049 .

463 1064 581 1139 crudo
606 1084 715 1160 atque
740 1064 895 1149 carnali5
931 1064 972 1133 ad
991 1063 1170 1160 secundum
1196 1059 1356 1157 regeffit,
1374 1065 1510 1138 “Deum
1531 1069 1627 1159 posse
1644 1097 1777 1172 corpus

460 1160 564 1236 suum
590 1186 746 1260 ponere,
779 1181 821 1236 ut
847 1185 920 1232 non
948 1159 989 1232 srt
1017 1162 1054 1230 in
1079 1160 1185 1247 loco,
1221 1162 1318 1232 Cum
1345 1164 1382 1234 δε
1409 1164 1610 1257 Sophistae,
1646 1169 1777 1247 senon

461 1260 724 1359 improbante,
767 1260 919 1351 dicant,
961 1283 1060 1331 unum
1094 1282 1206 1352 corpus
1234 1261 1318 1352 poffr
1351 1258 1413 1352 effe
1445 1267 1481 1332 r'n
1506 1266 1646 1359 diverstr
1671 1273 1775 1361 locis,

461 1381 665 1456 quanquam
693 1378 811 1432 tamen
838 1358 1005 1452 deinceps
1032 1359 1268 1447 concederet,
1303 1381 1434 1451 corpus
1461 1358 1596 1433 Christi
1624 1387 1695 1434 non
1715 1367 1776 1437 ad·

461 1457 532 1532 esse
558 1479 600 1531 ut
627 1458 663 1528 in
683 1457 789 1548 loco,
816 1455 910 1527 unde
928 1454 1231 1550 oecolampadius
1251 1455 1513 1549 concludebat,
1550 1459 1641 1531 Non
1662 1462 1776 1539 adesse

352 1590 357 1601 ·
461 1578 501 1630 er
531 1580 553 1628 o
581 1555 830 1652 corporaliter.
873 1551 930 1624 ad
957 1556 1093 1624 tertium
1111 1553 1162 1622 nil
1181 1553 1373 1649 quidquam
1393 1554 1570 1649 reposuit,
1596 1555 1661 1628 nist
1678 1563 1777 1655 quod

461 1579 538 1749 iph
565 1652 700 1728 Christi
727 1652 857 1741 verba,
884 1655 957 1724 Hac
972 1649 1018 1745 (a
1035 1671 1148 1742 corpur
1166 1675 1292 1742 meum,
1318 1649 1446 1723 mensae
1465 1653 1500 1724 in
1518 1652 1683 1728 scriberet
1702 1659 1777 1751 (a),

461 1751 502 1826 ὃ(
529 1751 573 1823 ab
600 1752 653 1826 his
680 1751 713 1824 se
740 1774 815 1825 non
838 1746 1051 1821 recessurum
1076 1746 1290 1839 testaretur,
1325 1749 1507 1822 addendo:
1544 1755 1584 1827 Sr‘
1600 1755 1778 1847 juberetur

451 1850 577 1946 finium
602 1854 782 1940 comedere,
807 1847 846 1940 se
867 1847 1041 1943 fossuram
1066 1847 1154 1918 illud
1171 1847 1243 1919 &c
1281 1846 1370 1939 Qro
1390 1846 1515 1942 passo,
1544 1847 1644 1922 ultro
1662 1855 1776 1924 citro·

403 1983 410 1997 ·
462 1970 535 2046 que
552 1950 646 2020 varia
663 1948 827 2044 equidem
849 1945 1011 2018 velitatio
1030 1966 1113 2014 eum
1134 1945 1227 2017 inter
1245 1944 1776 2041 Oecolampadium&Luthe·
1890 1956 1895 1968 ‘

462 2069 567 2139 rum,
602 2066 680 2119 tum
709 2047 801 2116 inter
818 2041 1044 2140 Zwinglium
1065 2043 1102 2115 dc
1123 2042 1469 2136 Melanchthonem,
1496 2045 1666 2144 deinceps
1684 2049 1778 2124 inter

462 2142 668 2217 Lutherum
703 2143 739 2216 &
766 2141 991 2237 Zwinglium
1019 2139 1089 2211 fuit
1116 2139 1307 2235 instituta,
1349 2144 1629 2240 necquicquam
1657 2164 1777 2220 tamen

464 2238 693 2338 profestum,
713 2264 824 2335 quum
839 2236 1143 2310 Lutherusnullis
1160 2241 1381 2334 argumentis
1399 2238 1419 2309 a
1436 2239 1532 2313 sensu
1551 2242 1699 2335 literali,
1719 2246 1777 2319 vel

465 2341 587 2438 potius
613 2340 634 2412 a
659 2338 756 2412 sensu
784 2340 897 2411 literae
924 2337 1099 2408 dimoveri
1126 2334 1159 2407 se
1185 2357 1388 2432 pateretut3
1419 2336 1503 2409 Nisi
1522 2341 1619 2434 quod
1639 2341 1675 2411 in
1694 2343 1777 2414 reli·

464 2440 542 2533 quis
562 2459 682 2511 tamen
699 2436 866 2509 omnihus
886 2432 1059 2525 formatus
1077 2432 1185 2505 fuerit
1204 2432 1409 2524 consensus,
1436 2438 1546 2508 unico
1564 2460 1720 2534 excepto
1738 2441 1778 2513 dr

462 2539 679 2613 Sacramenta
707 2539 810 2608 Coerrae
837 2534 1022 2625 articulo,
1066 2532 1103 2605 dt
1130 2529 1275 2626 quidem
1302 2533 1340 2604 dr
1365 2535 1456 2607 modo
1478 2537 1686 2630 presentie,
1727 2537 1777 2613 fi'c

462 2637 560 2708 enim
596 2632 705 2704 verba
736 2632 769 2705 se
800 2632 961 2705 habent:
1021 2683 1047 2723 „
1076 2628 1152 2702 Etsi
1187 2653 1230 2701 an
1263 2652 1387 2702 verum
1415 2656 1547 2727 corpus
1573 2636 1609 2709 ὃ(
1637 2634 1778 2732 sanguis

463 2779 492 2824 „
518 2728 656 2803 Christi
682 2731 916 2827 corporaliter
944 2730 1096 2824 inpane
1124 2728 1161 2801 &
1188 2728 1275 2799 vino
1302 2725 1452 2825 praesens
1481 2729 1548 2821 stt,
1588 2755 1659 2803 non
1687 2757 1777 2804 con·

461 2878 490 2923 „
517 2826 765 2920 tardaverint,
799 2848 916 2900 tamen
942 2850 1048 2899 unam
1075 2846 1211 2921 partem
1238 2826 1339 2898 alteri
1358 2826 1594 2899 Christianam
1613 2826 1777 2900 dileetio-

463 2978 490 3021 ,‚
517 2950 630 3020 nem,
672 2949 844 3024 quantum
874 2929 1048 3023 cujusque
1075 2922 1293 2996 conscientia
1320 2923 1435 3016 serat,
1478 2923 1776 3022 praestituram„
1852 2939 1858 2952 '

462 3048 498 3119 4.
518 3026 631 3120 Quod
651 3026 833 3099 Lutherus
853 3026 932 3119 post
950 3020 1135 3097 discessum
1152 3023 1258 3095 etiam
1278 3021 1425 3117 publice
1444 3046 1511 3119 pro
1529 3026 1776 3119 concione(b)

462 3127 634 3221 gaudium
662 3124 755 3197 suam
781 3121 1012 3218 expresserit,
1046 3143 1120 3193 rem
1147 3144 1220 3193 non
1239 3119 1310 3192 esse
1330 3120 1400 3194 stne
1418 3120 1512 3194 bona
1528 3122 1609 3219 spe',
1634 3123 1777 3218 dicens,

460 3221 529 3296 esse
564 3224 741 3321 placidam
779 3221 815 3295 δε
851 3222 999 3292 amicam
1035 3218 1265 3292 concordiam
1293 3219 1529 3316 sperandam,
1600 3245 1775 3319 uanquam

462 3322 568 3392 etiam
597 3322 668 3393 hoc
695 3321 771 3418 ipso
800 3320 963 3414 protinus
982 3342 1095 3408 anno,
1124 3315 1238 3389 sinon
1258 3320 1407 3413 proprio
1425 3339 1548 3408 motu,
1573 3244 1694 3398 saltem
1716 3343 1780 3413 pet

464 3415 711 3491 Atnsdotfium
737 3417 947 3516 instigatus,
976 3418 1013 3489 in
1039 3415 1267 3511 Zwinglium
1289 3413 1456 3511 singulari
1471 3415 1613 3489 fervore
1629 3414 1775 3525 scripse·

1717 3532 1777 3587 trt.

505 3708 556 3789 (a)
582 3706 665 3770 Inter
680 3708 740 3773 alia
756 3728 888 3793 quoque
904 3721 974 3774 tarn
992 3706 1098 3774 dixisse
1114 3707 1212 3773 fertur
1229 3704 1407 3772 Lutherus:
1436 3753 1458 3785 „
1475 3701 1558 3767 Non
1575 3702 1717 3788 disputo,
1737 3728 1777 3775 an

462 3840 486 3876 „
510 3792 570 3873 est,
596 3788 813 3876 fitfigrrr'ficat,
828 3794 887 3857 <sed
905 3809 1072 3859 contentus
1091 3791 1179 3873 sum,
1204 3793 1293 3875 q'hod
1312 3790 1450 3855 Christus
1468 3789 1561 3855 dicit:
1585 3789 1778 3876 Hocestcor-
1855 3819 1859 3830 *

461 3911 485 3959 ,5
503 3893 565 3962 pus
582 3898 706 3938 meum:
730 3874 783 3937 Da
799 3877 856 3939 kan
872 3878 927 3940 der
943 3871 1069 3961 Teuffel
1082 3876 1168 3939 nicht
1179 3879 1249 3955 fur.
1265 3924 1287 3958 „

503 3980 556 4061 (b)
583 3974 647 4038 vid.
665 3972 1002 4043 SECKENDORF.
1028 3976 1099 4043 Lin.
1113 3978 1156 4041 ΙΙ.
1180 3977 1239 4040 fol.
1253 3972 1321 4058 138.
1338 3976 1368 4038 b.
1393 3973 1458 4042 Res
1475 3994 1540 4041 non
1557 3974 1605 4040 est·
1618 3977 1680 4041 stne
1696 3978 1778 4041 bona

461 4060 523 4145 spe.
563 4060 647 4127 Non
662 4060 767 4139 dieo,
798 4060 964 4125 fraternam
988 4064 1065 4127 inter
1081 4080 1140 4125 nos
1157 4059 1218 4124 esse
1235 4060 1407 4138 unionem;
1431 4062 1472 4124 esl
1490 4077 1594 4125 tamen
1610 4061 1730 4143 placida
1746 4061 1777 4125 dr

460 4148 563 4210 amica
584 4145 759 4211 concordia
788 4146 882 4225 (hire
899 4148 1009 4231 gritige
1028 4144 1224 4225 freindlicbe
1249 4144 1425 4226 eintracht)
1460 4160 1495 4210 ut
1520 4145 1537 4209 l
1561 4144 1650 4209 nobis
1672 4142 1776 4208 amlcd

461 4228 607 4312 poscant,
640 4253 711 4313 quae
738 4227 799 4294 illis
825 4228 952 4311 desunt,
985 4230 1015 4295 dt
1041 4251 1098 4297 nos
1125 4228 1258 4297 viciffim
1282 4231 1341 4295 iuis
1365 4230 1549 4297 serviamus.
1587 4229 1657 4295 Fiet
1670 4243 1785 4295 turena

461 4311 614 4401 Qum,
632 4315 659 4382 fi
673 4314 790 4383 Deum
801 4313 1021 4400 precabimini.
