4442 5150
484 660 557 739 '266
673 650 1056 732 HISTORIA
1099 649 1538 731 EVANGELII
1629 652 1799 758 ΛΑΜ.

462 840 463 843 =
485 794 560 885 los,
585 791 723 865 ducunt
741 815 891 883 uxores,
917 789 1070 884 priuatas
1089 787 1283 862 instituunt
1300 787 1471 881 familias,
1498 790 1652 865 decimas
1670 794 1797 866 &om-

485 914 554 964 nes
566 890 740 964 Ecclefiae
759 889 892 962 reditus
908 886 1142 984 Magistratus
1160 887 1326 984 potestati
1338 888 1681 961 &administrationi
1696 914 1800 963 com·

485 989 638 1060 mittunt
661 989 726 1060 hac
745 986 975 1075 conditione,
1001 1005 1042 1056 ut
1062 987 1148 1056 vitae
1167 984 1355 1056 necessaria
1371 990 1413 1056 ad
1433 986 1519 1083 vitae
1539 988 1613 1058 dies
1628 984 1798 1083 suppedi-

486 1105 620 1160 tentur.
664 1085 764 1157 Idem
788 1081 877 1154 fecit
898 1081 1078 1154 Abbatilsa
1095 1105 1179 1153 cum
1199 1081 1377 1156 sororibus
1396 1083 1484 1175 suis,
1510 1085 1672 1154 ordinem
1691 1088 1799 1157 relin-

486 1203 625 1278 quunt,
660 1181 894 1279 Magistratui
922 1180 1042 1251 omnia
1069 1179 1241 1272 tradunt,
1276 1181 1416 1253 ducunt
1441 1184 1561 1272 viros,
1596 1179 1691 1252 fiunt
1715 1180 1800 1255 veri

485 1299 638 1371 matres,
672 1303 753 1375 quae
780 1299 862 1350 ante
890 1274 938 1348 stc
965 1275 1187 1348 dicebantur.
1232 1278 1330 1349 Inter
1358 1279 1416 1349 has
1435 1275 1503 1348 fuit
1522 1277 1653 1350 nobilis
1672 1281 1800 1373 virgo,

487 1377 610 1474 possea
636 1398 749 1449 mater
775 1375 905 1469 optimi
931 1374 968 1446 ὅ(
994 1372 1183 1445 doetlffimi
1208 1374 1276 1444 viri
1303 1376 1472 1467 Juhanm's
1493 1377 1638 1448 Conradr'
1658 1379 1796 1470 Corhii,

488 1473 672 1547 Antillitis
688 1475 855 1567 deinceps
873 1471 966 1566 apud
988 1470 1232 1566 Scaphusanos
1249 1474 1394 1543 eximii:
1423 1472 1589 1544 Erasmus
1609 1473 1799 1566 Ritterus‚

487 1573 549 1668 qui
579 1577 675 1666 prius
703 1569 940 1666 Evangelium
968 1589 1260 1664 oppugnaverat,
1294 1569 1337 1640 ad
1364 1569 1399 1654 id
1426 1592 1470 1640 ex
1499 1568 1797 1642 Bavariaarcelli·

486 1684 545 1742 tus
560 1671 609 1763 (a)
630 1669 868 1763 Evangelium
888 1689 1007 1757 nunc,
1024 1669 1079 1736 uti
1091 1667 1165 1761 jam
1185 1666 1363 1756 diximus,
1382 1666 1614 1759 magnoZelo
1634 1667 1797 1765 propug-

487 1787 570 1859 nat,
605 1768 664 1837 cui
690 1767 843 1862 collegae
868 1763 1114 1859 adjunguntur
1131 1760 1319 1837 douiffimi
1335 1765 1405 1835 viri
1424 1763 1657 1862 Wolffgangrrs
1674 1767 1798 1839 Bider-

486 1886 567 1936 murr
592 1863 833 1950 Rotvilanus,
867 1863 994 1932 Beatus
1019 1858 1161 1933 Gerirrur
1184 1860 1409 1956 Tigurinus,
1435 1862 1472 1935 ὃ(
1491 1865 1689 1936 Benedictus
1706 1864 1801 1936 Bur·

484 1985 639 2058 gawerur
665 1955 945 2032 San-Gallensrs.
989 1957 1191 2054 Imagines,
1216 1957 1389 2052 pisiurte,
1416 1977 1560 2031 ornatus
1577 1959 1800 2054 Papisticus,

419 2133 421 2136 Α
487 2057 611 2130 altaria
635 2057 677 2128 ad
696 2076 837 2151 tempus
856 2051 957 2126 fudre
974 2052 1119 2140 relidl23
1147 2054 1356 2129 Consultius
1374 2059 1469 2129 enim
1487 2056 1600 2130 visum
1619 2055 1684 2130 ista
1701 2059 1804 2153 prius

488 2155 693 2247 exanimis,
711 2177 815 2248 quam
828 2151 1138 2224 oculishominum
1150 2153 1288 2226 tollere.
1307 2150 1685 2252 Civesverbquidam,
1702 2154 1803 2252 quod

488 2253 661 2328 Senatum
689 2252 868 2322 censerent
891 2250 994 2322 nimis
1013 2248 1272 2346 circumspecte
1290 2251 1326 2323 in
1346 2251 1513 2325 tollendis
1530 2251 1696 2326 abusibus
1714 2276 1801 2348 pro·

486 2349 636 2440 cedere,
661 2372 735 2423 non
752 2348 866 2421 solum
886 2346 968 2444 ipsas
982 2348 1205 2443 jejuniorum
1223 2347 1348 2422 diebus
1365 2372 1471 2422 came
1487 2347 1605 2440 uesci,
1627 2349 1686 2423 sed
1700 2351 1742 2424 ἃ
1763 2351 1803 2424 in

486 2446 596 2521 Festo
616 2443 827 2522 Sansiotum
847 2446 944 2544 quod
963 2444 1134 2519 Kalendis
1153 2445 1430 2520 Novembribus
1448 2446 1670 2541 celebratur,
1688 2445 1802 2521 nodlu

487 2545 623 2644 templa
638 2545 734 2619 adire
752 2546 934 2641 (blatque
951 2567 996 2618 ex
1015 2543 1057 2617 iis
1074 2543 1196 2618 altaria
1212 2544 1441 2658 &jmagines
1460 2543 1609 2637 tollere,
1626 2569 1667 2620 ac
1678 2543 1804 2619 demo·

487 2643 546 2717 liri
558 2663 771 2742 coeperunt,
791 2644 887 2740 quod
898 2640 1190 2740 intempestivum
1202 2642 1300 2716 certe
1310 2642 1467 2740 ipsorum
1476 2642 1665 2718 confilium
1679 2668 1803 2739 parum

488 2739 623 2835 abfuit,
642 2743 728 2840 quin
739 2743 809 2815 toti
819 2739 1105 2813 Reformationis
1115 2740 1624 2839 negotioapudScaphusanos
1634 2741 1803 2839 posuisset

487 2840 653 2927 obicem3
691 2837 781 2937 Ipsis
807 2834 927 2911 saltem
947 2837 1211 2911 consultoribus
1227 2839 1339 2913 euasit
1355 2834 1564 2937 pessuium
1590 2839 1803 2915 Turbarum

487 2940 583 3011 enim
608 2935 769 3011 audores
796 2936 924 3031 partim
953 2959 1037 3009 cum
1055 2959 1170 3010 uxore
1189 2936 1226 3011 &
1244 2936 1366 3011 liberis
1383 2938 1421 3009 in
1438 2938 1587 3011 exilium
1607 2937 1800 3011 mitteban-

488 3050 577 3124 tur,
604 3035 736 3132 partim
763 3034 1000 3105 temeritatem
1025 3032 1121 3107 suam
1145 3054 1276 3133 magna
1293 3034 1458 3132 pecuniae
1476 3034 1611 3110 summa
1628 3034 1805 3110 redimere

489 3128 689 3218 debebam
725 3130 828 3203 Dum
856 3130 987 3203 interea
1013 3129 1215 3228 Episcopus
1241 3131 1524 3207 Constantiensrs
1549 3133 1641 3207 hane
1656 3153 1807 3230 captate

488 3226 712 3303 oecafionem
723 3266 742 3322 ,·
755 3248 862 3326 atque
879 3228 924 3301 de
940 3251 1038 3302 novo
1058 3228 1339 3327 Magistrarum,
1365 3283 1393 3325 „
1410 3251 1453 3305 ut
1472 3229 1647 3304 Ecclefiae
1662 3232 1802 3308 Roma·

487 3378 517 3425 „
536 3351 592 3401 nae
617 3325 726 3401 fidem
753 3324 950 3417 servarent,
984 3327 1022 3403 δί
1049 3325 1233 3498 suppreffis
1257 3346 1425 3402 motuum
1452 3328 1643 3402 seminibus
1661 3353 1702 3402 ea
1718 3352 1801 3426 quae

487 3426 579 3522 „ad
598 3450 722 3524 pacem
742 3428 779 3502 ὃς
799 3425 1092 3523 tranquillitatem
1149 3449 1229 3500 cere
1247 3445 1437 3525 poterant,
1462 3446 1650 3521 curarent,
1663 3479 1691 3521 „
1718 3427 1804 3500 bor·

488 3525 558 3599 tari
583 3550 655 3598 non
673 3521 879 3624 negligebat
890 3557 903 3612 3
930 3522 1002 3597 Cui
1024 3524 1281 3623 Magistratus,
1315 3523 1462 3616 „senil
1480 3524 1673 3621 quicquam
1691 3526 1804 3622 magis

491 3672 519 3715 „
538 3620 666 3695 habere
692 3626 728 3695 in
755 3622 850 3694 votis
876 3620 1080 3719 respondit,
1105 3645 1213 3721 quam
1231 3644 1273 3697 ut
1293 3621 1457 3697 Verbum
1478 3623 1550 3696 Dei
1569 3646 1699 3720 purum
1718 3622 1807 3722 ipsis

491 3722 814 3813 „annunciaretun
834 3772 861 3813 „

491 3845 494 3851 -
541 3814 617 3888 sm
644 3818 736 3888 taem
764 3838 905 3915 tempus
928 3817 965 3892 a
985 3816 1433 3892 sAN-GALLENsEs
1453 3819 1720 3915 Tigurinorum
1738 3842 1803 3895 ex·
1845 3771 1849 3777 ’

489 3911 614 4008 emplo
640 3914 730 3986 moti
756 3915 788 3988 se
814 3916 859 3989 ab
886 3916 1084 4014 imaginum
1104 3915 1207 3989 cultu
1226 3937 1454 3990 averterunt:
1489 3916 1579 3990 Erat
1596 3915 1691 4012 apud
1710 3912 1807 4007 ipsos

490 4031 623 4109 praeter
647 4034 729 4105 eos,
763 4037 852 4112 quos
879 4014 980 4112 supra
1000 4015 1077 4112 jam
1106 4015 1488 4108 commemoravimus,
1521 4015 1695 4110 Jouanm
1716 4011 1802 4086 Ker-

528 4236 579 4316 (a)
603 4234 702 4299 Conf.
732 4235 762 4315 s.
782 4232 913 4299 XCIII.
936 4254 966 4318 p.
986 4255 1059 4320 250,
1084 4256 1157 4319 251.
1188 4238 1221 4303 it.
1246 4235 1410 4322 Μῦν.
1435 4253 1550 4324 p.259
1735 4109 1810 4206 flu?

526 4320 580 4405 (b)
604 4314 855 4389 HOTTING.
879 4319 980 4387 Helu.
1003 4321 1048 4388 Κ.
1066 4321 1111 4390 G.
1136 4318 1250 4407 p.183,
1433 4345 1435 4350 ·
