4442 5150
461 650 629 748 A.r530.
794 621 920 723 Ru
967 644 1011 722 N
1060 643 1099 721 0
1147 640 1188 722 V
1236 641 1270 719 A
1318 643 1358 720 T
1405 644 1439 722 1.
1699 652 1776 748 '4¹9

459 782 554 855 rium
573 777 723 870 Conradi
740 775 957 877 Schrefogelii
972 777 1161 851 veritatem
1177 773 1321 871 edoffi,
1345 775 1432 851 dum
1449 777 1584 855 interea
1600 776 1646 854 de
1659 781 1774 856 resor-

459 880 627 952 mationis
646 876 756 950 modo
775 901 859 949 cum
878 877 1069 973 Tigurinis
1087 877 1227 947 inibant
1245 873 1411 966 confilia,
1431 878 1574 974 quando
1593 879 1688 952 circa
1704 880 1774 953 ini·

459 978 553 1050 tium
573 974 699 1049 mensis
719 974 905 1050 Martii&
925 972 1089 1060 Missa&
1108 973 1257 1072 reliqua:
1276 974 1483 1046 cerimoniae
1501 975 1691 1071 Papisticae
1709 978 1774 1052 ab.

456 1076 672 1165 elebantur,
705 1072 771 1145 nifi
798 1072 897 1169 quod
922 1063 1129 1145 vovendt'rm
1148 1069 1290 1162 fuisset,
1314 1089 1359 1144 ut
1378 1071 1501 1167 Hujus
1518 1095 1622 1169 aeque
1638 1099 1680 1148 ac
1700 1077 1775 1152 Ec.

456 1171 577 1246 clefiae
603 1175 884 1271 Bremgartensts
910 1169 949 1244 δι
976 1172 1223 1266 Mellingenſss,
1250 1167 1394 1267 Caefitris
1403 1170 1549 1264 sellensts
1576 1171 1637 1263 (in
1655 1175 1773 1247 conri-

457 1290 537 1343 tatu
555 1267 706 1342 Badensr
725 1269 768 1342 ad
786 1271 957 1342 Rhenum
978 1267 1053 1360 (a))
1081 1268 1119 1340 ἃ
1136 1268 1283 1340 aliarum
1299 1270 1337 1339 in
1353 1266 1543 1364 Evangelii
1560 1266 1773 1365 proseffione

456 1368 554 1440 zelus
575 1365 695 1441 fuisset
712 1366 955 1460 constantior,
967 1383 1094 1462 utque
1112 1387 1188 1438 non
1204 1363 1305 1438 brevi
1322 1363 1404 1462 post
1421 1367 1465 1439 ad
1482 1363 1600 1441 sordes
1617 1366 1772 1466 Papilli·

458 1488 520 1539 cas
538 1466 692 1538 reditum
708 1463 882 1537 fecissent.
1624 1540 1627 1549 ¹

505 1559 978 1639 GLARONENSIBUS
1005 1576 1123 1632 autem
1150 1559 1221 1633 boc
1247 1582 1340 1633 anno
1358 1563 1474 1659 major
1493 1582 1603 1659 eaque
1617 1559 1774 1640 serenior

456 1659 648 1758 Evangelii
666 1660 729 1732 lux
748 1656 902 1749 affulfit,
920 1682 964 1730 eo
981 1680 1065 1729 cum
1077 1653 1210 1741 effedlu
1224 1656 1386 1750 saturni,
1404 1678 1445 1731 ut
1462 1661 1499 1731 in
1509 1661 1706 1732 Conventu
1715 1683 1771 1736 rev
1900 1716 1902 1720 -

485 1759 575 1831 ionis
590 1759 768 1858 generali,
794 1779 882 1830 eum
891 1750 1116 1830 Eccleliastae
1133 1753 1280 1829 fuissent·
1287 1752 1523 1852 interrogati,
1541 1780 1628 1829 num
1640 1756 1771 1830 Eccle·

455 1778 518 1925 ξε
543 1858 724 1935 Romanae
750 1844 963 1952 cerimbnles
988 1870 1034 1924 ex
1061 1853 1252 1951 Scriptura
1277 1855 1515 1951 comprobare
1538 1853 1697 1928 vellent?
1733 1855 1772 1927 hi

455 1952 572 2048 palam
601 1954 875 2069 responderent,
910 2003 937 2045 „
955 1949 1001 2062 seo
1013 1972 1099 2064 cum
1116 1949 1432 2063 perspicerenteas
1450 1948 1539 2025 adeb
1554 1955 1638 2051 jam·
1649 1951 1773 2026 haberi

453 2044 1774 2249 slrldtrlllrsszll2⁸2llm332l³lrl¹llpltlfljlsllsr

453 2245 659 2342 Imperator
677 2247 871 2339 Germanis
889 2244 999 2316 fidem
1017 2241 1154 2316 fecisset
1171 2243 1204 2316 se
1222 2244 1355 2317 interea
1370 2249 1544 2344 temporis
1560 2246 1774 2319 Concilium

454 2340 654 2433 Nationale
670 2355 991 2437 ¹'conuocaturum
1024 2340 1061 2414 in
1085 2358 1161 2436 qno
1184 2340 1241 2411 ba:
1260 2341 1339 2414 lites
1357 2363 1684 2436 componerentur:
1719 2343 1774 2441 At

446 2436 678 2510 'v'e'rb'surdis
695 2439 900 2514 narrabatur
917 2437 1072 2523 fabula-,-
1088 2438 1139 2509 Et
1157 2435 1250 2529 haud
1268 2439 1318 2509 ita
1335 2439 1453 2510 multo
1470 2437 1572 2535 post,
1598 2439 1686 2511 seria
1700 2437 1773 2512 scie

452 2535 540 2608 licet
557 2532 708 2609 secunda
726 2535 935 2650 Paschatis,
951 2536 1106 2609 maxima
1124 2535 1312 2647 hominum
1330 2535 1565 2649 multitudine
1582 2535 1773 2649 confluen·

452 2634 1242 2831 ditiodffdssaiddddimMsrffssdteffndffdd}
1265 2631 1773 2830 fflsiffpggigpfflffi,

452 2829 703 2927 perstitionum
725 2831 1245 2928 Papillioarum'patrocinium
1260 2830 1534 2929 suscipientibus
1553 2833 1627 2922 (cle
1715 2879 1718 2890 -

500 2928 962 3025 SOLODURIENSES
980 2929 1080 3026 quod
1098 2928 1257 3021 adtinet,
1283 2930 1346 3021 iis,
1371 2929 1470 3027 quod
1485 2927 1661 3027 superiori
1677 2949 1772 3007 anno

452 3025 526 3100 duo
542 3025 697 3101 conceffi
716 3025 851 3104 suerint
867 3027 1027 3101 Pastores
1042 3028 1252 3125 Evangelici
1263 3029 1366 3125 ,¹janr
1386 3026 1498 3102 visum
1508 3026 1652 3123 est-(dle
1671 3021 1774 3107 cuni

452 3125 490 3198 hi
508 3126 621 3223 igitur
639 3145 721 3199 ante
739 3127 859 3199 omnin
877 3126 941 3198 fibi
959 3125 1199 3200 Berchtoldum
1214 3125 1394 3201 Hallerum
1411 3146 1645 3227 expeterent,
1670 3127 1773 3222 isque

452 3244 546 3296 nutu
564 3222 796 3300 Bernensrum
816 3247 881 3319 per
898 3223 1043 3321 aliquod
1060 3244 1203 3322 tempus
1222 3226 1263 3299 iis
1275 3224 1556 3319 concederetur,
1573 3247 1638 3297 nec
1651 3240 1773 3300 tamen

452 3321 609 3393 multum
628 3321 846 3411 lucraretur,
868 3323 895 3393 is
910 3319 1055 3412 tandem
1073 3344 1219 3418 quoque
1237 3323 1321 3396 loco
1335 3325 1460 3397 cedere
1473 3320 1772 3423 proptercivium

452 3413 587 3490 diffidia
604 3420 641 3491 in
662 3419 778 3517 ipsum
797 3418 1016 3518 insurgentia
1032 3416 1103 3493 fuit
1120 3417 1265 3496 coastus
1282 3420 1347 3514 (e).
1374 3422 1514 3496 Interea
1530 3442 1616 3491 vero
1630 3419 1770 3511 Berua,
1791 3422 1795 3428 ’
1846 3432 1848 3436 ’
1918 3469 1925 3476 -

453 3512 610 3604 Bastlea,
629 3519 812 3617 Friburgo,
830 3518 985 3610 Biennd,
1004 3513 1092 3596 milli
1110 3516 1154 3590 ad
1172 3515 1443 3614 componendos
1459 3516 1595 3590 civium
1604 3510 1770 3608 diffiden

451 3610 545 3681 tium
564 3613 701 3687 animos
722 3617 831 3716 legati
854 3615 1092 3714 disputatione
1108 3615 1256 3713 publica
1273 3638 1346 3688 rem
1366 3610 1626 3711 tranfigendam
1644 3610 1770 3698 decer·

453 3729 567 3802 nunt,
602 3709 663 3780 cui
689 3734 772 3787 cum
800 3716 898 3815 prius
922 3713 1210 3887 adversgentur,
1245 3714 1413 3814 deinceps
1436 3709 1533 3788 verb
1552 3730 1672 3790 tamen
1685 3707 1792 3886 post-

1087 3834 1150 3912 gg
1176 3836 1198 3886 2
1476 3849 1479 3856 ·
1700 3833 1767 3886 on·

569 3965 816 4034 SCULTET.
839 3994 879 4040 er
895 3976 1035 4061 Bulling.
1054 3976 1124 4041 dec.
1136 3970 1178 4040 ll.
1201 3994 1231 4059 p.
1244 3977 1315 4058 326.
1435 3969 1437 3976 ’

571 4049 824 4120 HOTTlNG.
848 4058 947 4124 Hele.
973 4059 1016 4123 K.
1034 4055 1079 4124 G.
1101 4082 1132 4144 p.
1145 4076 1217 4146 523,
1237 4077 1308 4142 524.

425 4168 433 4174 ·
574 4136 822 4212 scurrus.
847 4138 1137 4227 uec.11.p.325.
1433 4141 1437 4152 ·

511 4222 529 4282 d
571 4240 602 4281 v.
624 4222 653 4302 s.
672 4221 824 4290 CXXV.
872 4270 878 4285 .
898 4242 970 4306 392.

512 4306 545 4385 e)
570 4303 796 4376 RUCHAT.
820 4244 946 4376 Tem.
969 4308 1082 4396 p.158.
