4442 5150
452 657 528 740 4¹4
649 627 1521 710 tr1srou1suvsuont11
1593 611 1764 738 nino.

456 824 485 866 „
501 763 659 839 nistram.
701 763 760 837 Ad
786 762 888 853 haec,
920 761 1045 834 civiles
1071 761 1190 858 leges,
1221 785 1305 858 quae
1330 758 1415 833 fidei
1441 763 1480 836 dt
1506 762 1671 840 charitati
1688 792 1765 846 non

455 918 486 962 ,‚
503 863 668 953 obstant,
698 883 919 957 nequaquam
944 858 1174 954 aspernandas
1198 856 1373 930 dicimus:
1408 859 1478 930 illis
1502 865 1599 934 enim
1618 889 1687 961 pro
1699 871 1766 964 ju.

456 1015 486 1059 ‚,
502 959 689 1032 dicialibus
717 956 888 1028 Mosaicis
911 958 966 1025 uti
993 954 1186 1051 possumus.
1224 956 1414 1050 judicialia
1435 979 1508 1028 non
1525 961 1681 1036 dicimus
1698 965 1766 1038 ab·

455 1113 486 1156 „
502 1059 614 1148 ohta,
648 1075 820 1153 quantum
846 1051 890 1123 ad
915 1073 1071 1123 mentem
1097 1053 1309 1150 legislatoris
1334 1056 1475 1124 attinet.
1519 1057 1627 1130 Mens
1642 1083 1766 1138 autern

456 1154 715 1253 „legislatoris
737 1151 819 1240 cst,
860 1149 986 1221 servari
1009 1149 1211 1244 justitiam,
1245 1152 1283 1224 dt
1311 1151 1529 1222 honestatem
1556 1155 1766 1254 publicam,

456 1307 485 1349 ,‚
503 1275 585 1347 quae
611 1250 768 1323 servatur
793 1249 829 1318 in
850 1245 1052 1318 nationibus
1071 1247 1282 1342 quibusdam
1301 1245 1428 1318 melius
1447 1272 1510 1343 per
1528 1250 1624 1346 leges
1642 1256 1767 1331 Caesa.

459 1404 488 1447 „
506 1371 601 1438 reas,
626 1345 734 1443 quim
756 1341 943 1415 Mosaicas.
978 1344 1099 1415 Moses
1115 1347 1210 1416 enim
1229 1345 1342 1438 magis
1360 1344 1484 1416 habuit
1501 1348 1675 1423 rationem
1691 1352 1767 1428 suae

456 1501 484 1544 „
502 1446 632 1544 gentis.
675 1444 781 1515 Sicut
804 1441 1051 1512 ceremonialia
1077 1460 1250 1534 quantum
1267 1442 1311 1512 ad
1328 1440 1489 1512 umbram
1507 1442 1644 1518 abolita
1659 1448 1765 1525 sunta

456 1597 485 1640 „
503 1545 555 1613 ita
577 1561 619 1612 ut
646 1562 778 1635 corpus
805 1538 1015 1648 habeamus,
1047 1537 1236 1653 Christum
1253 1537 1412 1624 scilicet5
1439 1539 1602 1635 &quam
1620 1544 1683 1618 ille
1697 1547 1767 1620 do-

455 1694 484 1835 33
502 1632 1769 1844 illidiiZisiihffli‘islllslihligiiissiiznlffi

454 1888 482 1930 ,‚
502 1832 631 1902 Paulus
648 1828 747 1902 certe
764 1829 866 1917 vult,
883 1851 928 1898 ne
943 1825 1089 1898 fratrem
1108 1828 1231 1901 cotim
1250 1828 1387 1901 infideli
1400 1830 1525 1924 Judrce
1541 1835 1770 1932 accusemur,

455 1983 483 2025 ‚,
502 1930 558 2001 vel
577 1929 771 2023 litigemus.
797 1920 915 1996 Redis
934 1923 1072 1996 faciunt
1089 1923 1234 2018 fideles,
1254 1924 1366 1998 fisuas
1377 1927 1492 2000 causas
1507 1932 1599 2003 inter
1611 1930 1647 2005 se
1660 1958 1767 2009 com·

554 2043 652 2093 nant.

456 2079 483 2125 '³
501 2047 552 2213 ΞΟ
546 2117 663 2214 Quod
680 2115 724 2188 ad
743 2113 922 2188 ministros
932 2114 1046 2188 Verbi
1061 2118 1213 2211 attinet,
1229 2117 1445 2213 probamus,
1463 2120 1767 2226 quodnonquos·

456 2272 486 2317 „
502 2218 557 2288 vis
574 2213 766 2306 assumitis,
791 2211 850 2286 sed
866 2213 1029 2305 adultos,
1056 2215 1289 2312 probataque
1307 2218 1393 2289 vitae
1412 2220 1521 2293 viros.
1559 2223 1652 2316 Sed,
1676 2250 1769 2323 μοι

452 2368 482 2415 „
499 2311 640 2407 vestri,
665 2311 922 2386 monuerimus.
948 2311 1131 2385 Videntur
1149 2312 1202 2384 illi
1220 2337 1472 2408 nonnunquam
1490 2315 1670 2395 laboribus
1687 2348 1768 2397 ma.

452 2466 483 2513 „
501 2434 638 2504 nuum,
671 2409 752 2508 plus
776 2405 884 2506 quim
911 2431 965 2481 res
993 2409 1171 2505 postulat,
1202 2408 1274 2483 else
1291 2409 1445 2486 addisli:
1474 2416 1511 2489 dt
1530 2416 1653 2509 horas,
1678 2442 1769 2516 quas

453 2565 482 2610 ,‚
498 2507 646 2585 lediioni
670 2507 852 2581 collocare
877 2505 1076 2598 debebant,
1108 2506 1271 2581 artificiis
1288 2508 1504 2606 impendere.
1537 2512 1587 2585 Et
1604 2513 1768 2603 sandium

452 2662 482 2707 „
497 2605 550 2679 est
575 2604 735 2678 laborare
760 2603 944 2695 manibus,
978 2602 1126 2677 sandius
1151 2601 1239 2676 veri>
1258 2607 1454 2681 ministrare
1471 2607 1609 2681 Verbo.
1644 2613 1769 2691 Nole-
1811 2629 1822 2648 ⁹

452 2760 483 2807 „
501 2702 588 2777 bant
613 2700 783 2800 Apostoli
800 2699 997 2773 ministrare
1015 2700 1165 2793 mensis,
1190 2703 1339 2796 nequid
1357 2704 1459 2777 verbi
1478 2704 1550 2777 Dei
1565 2707 1768 2787 ministerio

452 2857 483 2903 „
501 2799 701 2875 decederet.
735 2799 866 2872 Paulus
883 2798 1056 2895 praecipit
1073 2799 1190 2871 Tito:
1220 2802 1357 2874 Intende
1371 2805 1524 2876 sessioni:
1550 2804 1675 2880 Nobis
1692 2833 1770 2886 uon

453 2945 483 2999 „
501 2897 552 2971 est
579 2894 769 2970 tentandus
796 2895 919 2986 Deus,
948 2892 1045 2990 quali
1064 2896 1155 2967 citra
1175 2885 1328 2968 stridium
1346 2896 1410 2971 suo
1428 2901 1570 2996 Spiritu
1586 2903 1769 3002 mirifice,

455 3049 485 3092 „
504 2992 597 3064 licut
618 2991 836 3090 Apostolos,
860 2990 1003 3063 erudire
1020 3016 1085 3064 nos
1099 2991 1239 3064 debeat.
1263 2994 1442 3087 Quamvis
1456 2996 1500 3069 ad
1519 2996 1712 3096 supafluas
1725 3004 1767 3082 dt

452 3115 480 3190 ,·,
499 3087 764 3188 philosophicas
782 3086 1044 3182 mundanasque
1061 3088 1262 3185 disciplinas
1278 3114 1352 3163 non
1363 3092 1571 3169 hortamur:
1598 3095 1650 3172 sat
1661 3097 1766 3176 labo·

454 3246 482 3289 ,‚
502 3186 549 3260 ris
567 3183 750 3258 habebunt
768 3184 804 3256 in
823 3204 978 3296 utroque
994 3183 1243 3259 Testamento.

453 3440 481 3485 ‚,
499 3280 915 3468 stitss‘hlfllitlt
926 3280 1768 3469 llhlzffv‘sssslfillts01'30‘lmabsh&

453 3509 481 3582 ,·,
500 3482 594 3554 enim
630 3478 681 3552 est
717 3479 810 3551 inter
844 3476 1040 3577 Apostolos
1067 3480 1105 3553 ὃ(
1132 3476 1299 3576 pastores.
1342 3480 1511 3579 Apostoli
1535 3486 1764 3564 mittuntur:

451 3635 480 3677 „
499 3577 674 3690 Episcopi
692 3577 729 3651 dt
747 3574 902 3675 pastores
921 3599 1003 3648 cum
1022 3574 1090 3648 suis
1107 3575 1237 3648 ovibus
1253 3600 1396 3651 manere
1410 3580 1555 3654 debent.
1600 3586 1658 3657 lta
1674 3610 1766 3661 con·

450 3731 479 3775 „
498 3673 614 3750 stituit
633 3672 828 3772 Apostolus
872 3674 1071 3791 resbpteros
1088 3674 1312 3771 oppidatim:
1338 3678 1502 3770 qrramvis
1545 3703 1586 3752 ro
1604 3683 1766 3779 Aposto-

451 3821 481 3871 ,‚
499 3769 542 3844 lis
566 3768 765 3846 visitatores
791 3698 971 3846 utiiiffime
989 3766 1265 3881 constituantur.
1300 3768 1414 3844 Porro
1431 3703 1544 3871 qubd
1550 3776 1620 3850 illis
1637 3781 1767 3876 prohi-

451 3895 481 3968 ,·‚
499 3863 631 3941 bentur
652 3870 848 3966 eou'ugia,
882 3891 954 3941 non
981 3864 1195 3969 arbitramur
1217 3866 1287 3941 elle
1306 3891 1353 3940 ex
1372 3868 1392 3941 s
1413 3872 1498 3944 iritu
1516 3872 1675 3969 Christi,
1702 3902 1767 3953 ne·

451 3993 481 4068 ‚'‚
500 3985 571 4067 que
596 3962 691 4039 euim
715 3893 853 4042 donum
879 3964 969 4039 illud
995 3965 1194 4061 summum,
1229 3966 1267 4042 dt
1287 3894 1465 4064 Angeiica
1481 3971 1579 4064 vita,
1605 3974 1768 4054 incarne

449 4087 479 4165 ‚·,
495 4061 659 4165 plurimis
685 4064 890 4142 eoncessum
915 4063 980 4138 est.
1022 4063 1133 4139 Unde
1158 4064 1224 4159 fit,
1254 4085 1296 4138 ut
1314 4065 1514 4140 multorum
1531 4068 1765 4149 conscientiae

446 4162 590 4268 ,ynuld
604 4159 781 4264 habeant,
804 4157 1059 4267 et-gnsitima
1074 4164 1238 4244 oriauurr
1252 4160 1486 4241 offendicula.
1516 4167 1583 4245 Ne
1598 4167 1691 4243 tanti
1707 4168 1765 4244 fa·

1096 4297 1099 4302 '
1162 4297 1164 4302 '
1644 4315 1672 4361 aa
1690 4290 1766 4342 Μ’·
