4442 5150
454 649 622 752 arna.
785 650 826 726 R
874 648 908 724 E
958 646 1001 724 N
1050 649 1088 724 Ο
1139 647 1176 725 V
1225 652 1260 728 A
1308 651 1347 728 Τ
1396 655 1430 732 1.
1698 677 1768 755 359

454 789 733 890 „societatem
760 808 864 887 quam
882 780 989 854 sanati
1010 783 1171 875 inibant,
1197 785 1483 880 contribuendo,
1509 785 1607 886 quod
1625 794 1765 887 egenti·

454 945 482 988 ‚,
501 888 599 961 tibus
622 885 827 965 mitteretur
841 880 1032 973 jerusalem
1046 883 1059 953 ε’
1082 879 1139 953 sed
1158 879 1237 955 satis
1256 882 1417 977 constat,
1433 889 1478 962 ,id
1497 911 1541 959 ne
1562 890 1595 960 in
1615 889 1668 960 his
1684 891 1767 985 qui·

453 1043 481 1086 ‚,
500 988 582 1061 dem
603 984 693 1055 locis
710 1006 776 1078 pro
794 979 1048 1052 distributione
1066 981 1196 1075 accipi.
1240 982 1337 1054 Haec
1356 981 1533 1077 potissima
1550 1009 1674 1057 eorum
1694 988 1766 1061 tela

453 1141 481 1186 „
499 1103 622 1174 erant,
655 1079 784 1176 quibus
810 1079 1000 1149 axiomatis
1024 1075 1137 1149 nostri
1160 1079 1347 1152 veritatem
1368 1081 1457 1153 nihil
1473 1106 1765 1158 commoverunt.

454 1240 482 1283 „
501 1177 631 1257 Multo
664 1171 881 1250 imbecillibs
917 1196 1118 1270 pugnatum
1153 1175 1204 1247 cst
1237 1198 1365 1249 contra
1392 1181 1547 1250 Axioma
1574 1183 1766 1275 quintum,

454 1339 481 1381 „
500 1283 587 1380 quod
607 1279 736 1371 missam
759 1292 857 1371 negat
881 1277 941 1366 effe
956 1274 1185 1369 sacrificium,
1220 1274 1257 1347 ὃ(
1280 1273 1430 1366 affirmat
1453 1281 1512 1371 effe
1529 1278 1764 1374 blaspemiam,

455 1381 586 1480 „quia
611 1373 734 1470 aperte
760 1369 938 1445 adeonlla
963 1396 1046 1443 cum
1074 1374 1175 1443 omni
1192 1371 1380 1468 Scriptura
1397 1396 1557 1472 pugnat,
1581 1397 1624 1448 ut
1643 1379 1764 1449 nullus

454 1534 481 1577 ,‚
501 1480 553 1551 illi
574 1493 680 1573 queat
698 1490 896 1569 praetextus
914 1470 1130 1566 excogitari.
1172 1470 1306 1542 Nihilo
1325 1467 1465 1544 selicilts
1485 1474 1521 1545 &
1542 1473 1675 1569 reliqua
1694 1476 1762 1546 irn-

454 1591 661 1675 „pugnata
685 1570 787 1661 sunt,
820 1589 902 1664 quac
930 1567 1110 1664 prioribus
1133 1564 1270 1639 scilicet
1295 1570 1474 1643 nituntur.
1518 1571 1559 1643 Id
1587 1573 1764 1668 legent&

453 1671 693 1773 „agnoscent
727 1691 772 1740 ex
798 1673 928 1756 Artis,
971 1665 1179 1760 quicunque
1209 1663 1353 1762 poliunt
1380 1667 1598 1766 cognoscere
1625 1694 1763 1743 verum.

455 1826 482 1869 „
504 1772 637 1866 Neque
653 1764 911 1854 morabuntur,
937 1762 1034 1857 quod
1053 1761 1326 1857 modo-quidem
1343 1765 1533 1864 Evangelii
1553 1766 1670 1839 hostes
1684 1772 1764 1866 jac·

456 1923 484 1967 ‚,
503 1888 605 1958 tant,
648 1865 753 1939 facile
786 1863 891 1934 nobis
925 1857 1026 1932 fuisse
1059 1864 1204 1931 vincere
1236 1863 1474 1960 antagonistas
1501 1885 1571 1937 tam
1598 1866 1764 1941 inermes.

454 2023 481 2065 „
500 1963 661 2039 Primltm
683 1963 735 2034 illi
754 1961 844 2032 nihil
863 1960 980 2031 minus
999 1955 1105 2054 quim
1124 1959 1271 2031 inermes
1289 1959 1321 2033 se
1339 1962 1550 2060 agnoscunt.
1576 1964 1720 2038 Deinde
1737 1964 1764 2038 fi

454 2119 481 2162 „
501 2067 650 2138 inermes
677 2062 845 2152 suerunt,
881 2057 1004 2152 stupa,
1037 2080 1111 2128 non
1126 2080 1222 2127 arma
1238 2075 1366 2152 erunt,
1392 2061 1563 2158 quicquid
1583 2063 1690 2157 primi
1709 2064 1764 2137 illi

451 2219 479 2261 „
497 2160 660 2257 Θεομαίχοι,
688 2147 845 2249 Eecius,
871 2156 1006 2245 Faber,
1024 2152 1156 2250 aliique
1175 2155 1279 2248 hujus
1297 2178 1478 2251 monetae,
1497 2157 1764 2232 badlenuscon·

452 2280 555 2357 „tra
582 2284 646 2331 nos
672 2256 907 2353 scripserunt:
940 2276 1023 2323 nam
1051 2252 1141 2323 nibil
1167 2275 1314 2343 cotum,
1340 2278 1426 2350 quae
1442 2257 1498 2327 isti
1518 2257 1553 2328 in
1572 2257 1766 2352 magnifica

451 2380 623 2455 „eorum
653 2355 895 2449 disputatione
921 2348 1093 2440 Badensr,
1129 2349 1166 2422 &
1186 2347 1269 2420 aliia
1295 2351 1463 2424 hadlenus
1490 2353 1765 2448 produxerunt,

451 2456 550 2552 „illi
579 2454 843 2546 praeteiierunt.
888 2449 1029 2520 Adhaec
1057 2445 1136 2519 satis
1162 2443 1328 2539 sortiter,
1359 2449 1434 2520 boc
1453 2449 1526 2542 est,
1553 2451 1706 2525 clamose}
1726 2454 1765 2528 δε

451 2609 479 2650 „
499 2546 756 2643 impudenter,
792 2543 920 2619 borum
952 2547 1022 2619 tela
1048 2542 1250 2618 torserunt:
1295 2547 1457 2643 plerique
1476 2549 1579 2621 ¹enim
1607 2549 1784 2626 Eccium-
1877 2555 1882 2573 ‘

453 2706 480 2747 υ
500 2646 608 2719 Badae
637 2646 833 2718 audierant.
878 2640 1064 2717 Postremi)
1087 2666 1153 2716 cut
1171 2667 1244 2715 non
1262 2664 1437 2718 venerunt
1455 2649 1684 2722 armatiorcs?
1721 2652 1766 2723 In

453 2768 663 2845 „tempore
691 2745 825 2817 Eccius
848 2742 985 2834 brolii,
1012 2745 1119 2815 etiam
1141 2743 1188 2834 ii,
1215 2744 1276 2837 qui
1295 2746 1391 2816 circa
1412 2744 1670 2818 Eucharistiam
1692 2748 1763 2821 dis·

452 2901 480 2942 „
498 2844 677 2932 sentiunt,
713 2842 755 2912 ad
785 2843 874 2911 hanc
900 2840 1179 2937 disputationem
1198 2843 1319 2913 vocati
1338 2840 1438 2915 sunt.¹
1474 2843 1544 2916 Sed
1562 2844 1648 2939 quid
1667 2842 1763 2918 sace·

452 3000 479 3041 „
498 2967 577 3016 rent
603 2944 639 3013 in
660 2941 739 3013 luce
755 2938 889 3012 sutores
909 2938 1203 3012 mendaciorum?
1235 2937 1313 3012 Ubi
1334 2942 1553 3039 Scripturis,
1581 2945 1617 3017 ὃ(
1637 2966 1709 3015 non
1726 2944 1765 3016 vi

452 3098 480 3140 ‚,
499 3067 551 3115 res
578 3042 719 3139 agitur,
752 3037 868 3111 sciunt
894 3037 951 3108 isti
977 3038 1067 3112 nihil
1094 3036 1159 3111 srbi
1178 3036 1340 3112 vidloriae
1358 3040 1580 3136 sperandum.
1615 3043 1764 3116 Pietatis

452 3197 480 3239 „
500 3139 665 3233 causam,
710 3159 842 3233 praeter
867 3136 1104 3211 Berchtoldum
1130 3138 1337 3211 Bernatium
1361 3139 1626 3233 Ecclesiasten,
1671 3165 1765 3237 prae·

452 3294 480 3335 „
501 3236 610 3336 cipue
640 3235 876 3310 defenderunt
902 3231 1135 3326 Hulder'ychus
1162 3238 1354 3335 Zwinglius
1381 3240 1443 3335 qui
1472 3239 1518 3312 fic
1546 3239 1763 3334 Tigurinum

453 3392 480 3433 „
502 3335 701 3410 Ecclesiam
728 3359 791 3429 per
818 3330 1045 3423 Euangeliou
1067 3333 1248 3425 &genuit
1267 3343 1304 3409 bt
1324 3337 1492 3409 educavit
1513 3336 1697 3419 Domino,
1723 3352 1766 3404 ut

452 3435 694 3527 „plurimum
715 3429 793 3503 sani
814 3431 865 3501 illi
885 3427 1060 3518 debcant,
1077 3449 1259 3527 quotquot
1274 3429 1352 3502 sunt
1365 3433 1764 3523 Ecclesraepcromnem
1843 3475 1849 3503 t

453 3528 671 3627 „ditionem
698 3530 966 3618 Helvetiorum.
1008 3524 1226 3621 Quanquam
1247 3527 1284 3599 ὃ(
1304 3527 1386 3598 alias
1405 3552 1477 3597 non
1497 3547 1620 3620 parum
1640 3522 1766 3600 sanslia

423 3714 425 3717 y
454 3624 638 3725 „scriptis
659 3629 794 3723 juverit
821 3628 857 3699 bt
886 3617 1034 3719 Joarines
1059 3627 1332 3717 Oecalampadius
1357 3624 1477 3719 pallor
1500 3620 1673 3695 Ecclefiae
1694 3625 1763 3698 Ba·

453 3782 480 3825 „
502 3720 667 3809 saliensrs,
700 3728 761 3821 qui
789 3724 825 3798 bt
846 3721 918 3820 ipse
937 3723 981 3795 de
998 3720 1164 3795 omnibus
1185 3722 1394 3796 Christianis
1413 3718 1642 3794 sacratissimis
1660 3723 1764 3797 lucu-

453 3881 480 3924 „
499 3816 724 3894 brationibus
750 3820 921 3917 perquim
950 3825 1097 3919 egregie
1121 3822 1271 3894 meritus
1292 3819 1354 3892 est.
1397 3820 1512 3914 Quod
1529 3822 1623 3893 enim
1645 3825 1768 3918 Capito

453 3981 481 4021 „
500 3924 537 3997 ὅ(
554 3945 607 4017 ego
628 3920 846 3991 contulimus
866 3920 1053 4015 praecipue
1071 3943 1197 3992 contra
1211 3916 1405 4015 Tragurium
1417 3921 1452 3992 ὃ(
1464 3925 1644 4013 Arearum,
1663 3926 1767 4017 cujus

453 4080 481 4120 „
501 4019 670 4110 memini,
705 4016 796 4089 suit:
832 4041 1031 4113 quanquam
1060 4019 1136 4108 illi,
1162 4041 1251 4112 quos
1269 4017 1368 4108 dixi,
1394 4019 1485 4090 citra
1503 4018 1656 4092 nostram
1676 4045 1764 4113 ope·

454 4175 482 4215 „
499 4145 573 4193 ram
585 4119 622 4191 dt
635 4119 686 4187 bis
705 4112 902 4189 satisfacere
920 4111 1127 4211 potuissent.
1156 4115 1218 4185 Ne
1236 4112 1408 4211 asymboli
1426 4117 1596 4209 essemus,
1616 4118 1764 4191 videba-

457 4271 486 4317 „
502 4238 560 4293 tur
578 4215 767 4312 fratribus,
787 4213 822 4289 ὃ(
839 4233 903 4287 nos
920 4211 1053 4309 aliquas
1070 4210 1302 4289 defendenda:
1322 4217 1463 4316 pietatis
1481 4238 1597 4318 partes
1610 4238 1763 4386 agerpp„

1351 4330 1358 4344 .
1731 4330 1769 4386 ι.
