4442 5150
456 630 629 732 ame
793 629 1435 712 annotari
1559 605 1770 739 'an

504 778 538 854 §-
556 763 726 839 LXVll.
752 763 943 860 Quidquid
966 762 1030 856 stt,
1056 763 1208 837 Carolus
1228 765 1428 862 Imperator
1445 763 1556 840 literis
1573 791 1618 840 ert
1635 768 1767 868 Hispa·

453 864 514 940 nia
532 863 623 938 datis
642 859 880 935 indefinenrer
898 861 1108 958 flagitabat,
1150 913 1176 954 ,‚
1195 881 1236 934 ut
1256 864 1523 937 Wormatiense
1541 865 1695 941 edidium
1709 871 1767 963 (a)

452 1013 483 1059 „
500 957 668 1036 accurare
684 960 804 1033 ubivis
822 958 1035 1051 servaretur,
1065 961 1102 1032 ὃ(
1122 982 1166 1029 ex
1186 985 1229 1031 eo
1247 959 1540 1034 Lutheranismus
1559 966 1593 1036 iu
1613 967 1766 1038 Germa·

451 1063 561 1158 „nia
586 1059 728 1156 penitus
756 1058 978 1147 abbleretur,
1013 1077 1241 1149 maneretque
1268 1058 1303 1127 in
1329 1080 1542 1152 perpetuum
1570 1067 1701 1138 vetitus
1728 1067 1767 1140 &

451 1155 736 1331 Qproscriptus.
755 1208 782 1250 ,‚
836 1154 925 1227 Eam
961 1155 998 1226 in
1033 1178 1105 1226 rem
1135 1155 1333 1230 concilium
1361 1157 1537 1227 indixerat
1566 1160 1766 1256 Augustam

494 1256 756 1343 rudelicorum‚
788 1251 844 1325 sed
872 1251 992 1347 quod,
1019 1274 1129 1348 quum
1150 1250 1344 1344 paucissimi
1363 1248 1407 1325 eb
1428 1251 1620 1346 venissent,
1649 1260 1766 1351 prola·

450 1373 531 1428 tum
557 1349 609 1426 est
636 1354 673 1424 in
701 1351 782 1424 anni
810 1351 983 1445 sequentis
1015 1360 1119 1444 1526.
1147 1348 1326 1421 Kalendas
1351 1349 1492 1446 Mujas,
1519 1352 1767 1451 indidiumque
1841 1379 1843 1385 ’

452 1452 609 1549 Spiram.
654 1444 795 1523 Intereir
823 1444 909 1520 veib
937 1467 1124 1542 antequam
1147 1447 1286 1542 Spiram
1307 1446 1443 1519 adirent
1459 1453 1548 1522 Saxo
1567 1451 1603 1524 δε
1623 1454 1766 1547 Heffus,

450 1567 701 1624 convenerunt
727 1547 950 1642 Magdebargi
975 1544 1018 1615 de
1047 1545 1181 1616 mutuis
1207 1543 1348 1615 auxiliis
1371 1543 1433 1616 sabi
1454 1544 1659 1639 praestandis
1677 1575 1766 1622 con·

452 1645 581 1721 sulturi
600 1645 655 1738 (b)
682 1644 805 1740 ibique
831 1640 972 1738 podium
1002 1641 1188 1730 condunt,
1223 1645 1326 1734 cujus
1344 1642 1452 1713 breve
1469 1644 1574 1716 nobis
1592 1670 1767 1743 compen·

448 1743 555 1817 dium
583 1741 733 1815 lllustris
762 1737 1228 1834 SECKENDORFlUS
1259 1741 1354 1812 hunc
1373 1741 1409 1810 in
1430 1739 1576 1813 modum
1596 1741 1767 1841 suppedi-

452 1862 526 1917 tat:
562 1838 775 1933 „Laudant
803 1839 838 1908 in
866 1838 1017 1908 exordio
1047 1837 1192 1928 Deum,
1218 1836 1315 1930 quod
1336 1834 1502 1932 singulari
1522 1844 1768 1936 providentia,

456 1941 616 2037 „gratia
644 1939 680 2011 ὃ(
710 1931 881 2008 ineffabili
909 1932 1151 2007 misericordia
1177 1934 1325 2005 verbum
1354 1934 1476 2026 suum,
1511 1940 1657 2011 unicum
1677 1939 1766 2014 sola·

454 2086 483 2132 „
501 2039 616 2128 tium,
641 2036 770 2107 animae
789 2032 935 2131 cibum,
955 2033 1203 2128 summumque
1222 2033 1258 2103 in
1276 2031 1363 2104 orbe
1382 2031 1583 2107 thesaurum
1597 2035 1663 2109 sibi
1678 2063 1768 2112 con·

449 2132 650 2230 „cesserit
701 2133 910 2206 Memorant
940 2130 1050 2221 inde,
1093 2150 1184 2228 quot
1219 2150 1435 2227 quantaeque
1462 2135 1768 2232 machinationes,

456 2284 485 2326 „
502 2229 695 2329 prasertim
723 2230 766 2302 ab
795 2226 1086 2319 Ecclesiasticu,
1123 2230 1160 2300 ὅ(
1189 2230 1250 2323 qui
1279 2230 1319 2298 iis
1345 2231 1549 2323 adhaerent,
1585 2232 1769 2331 bucusque

456 2330 645 2428 „agitatae
672 2329 828 2420 fuerint,
864 2328 925 2423 qui
954 2325 1104 2398 verbum
1133 2324 1223 2398 illud
1251 2325 1412 2413 divinum
1443 2331 1648 2423 opprimere
1666 2331 1703 2406 δι
1721 2355 1769 2404 ert

454 2428 669 2523 „cordibus
696 2429 733 2501 ὃ(
761 2423 979 2504 conscientia
1005 2423 1190 2496 hominum
1215 2425 1373 2520 eripere,
1400 2422 1521 2496 fifieri
1540 2426 1677 2524 pollet,
1702 2452 1769 2502 vo·

457 2580 486 2623 „
503 2526 648 2601 luerint.
688 2527 834 2599 Paratos
861 2546 1006 2617 quoque
1031 2521 1064 2595 se
1091 2518 1193 2595 suille
1209 2519 1359 2616 dicunt,
1385 2542 1425 2595 ut
1443 2523 1480 2596 in
1498 2522 1670 2602 Comitiis
1690 2527 1768 2601 Au·

454 2678 484 2721 ,‚
502 2623 645 2723 gustae,
670 2647 801 2717 nupera
820 2625 947 2720 hyeme
967 2619 1129 2710 indietis,
1157 2620 1202 2692 de
1221 2620 1394 2716 religione
1410 2622 1446 2695 ὃ(
1460 2625 1655 2697 concordia
1673 2646 1767 2701 trac·

450 2775 487 2822 „
504 2740 644 2813 tarent,
669 2718 732 2793 nist
750 2720 858 2794 dilata
876 2718 1042 2805 suissent3
1071 2741 1167 2789 nunc
1184 2716 1305 2790 eadem
1325 2719 1525 2792 intentione
1542 2720 1579 2793 in
1597 2724 1769 2799 Comitiis

454 2872 485 2915 „
502 2818 575 2891 hoe
601 2842 695 2891 anno
720 2816 762 2890 ad
789 2818 871 2891 Kal.
901 2817 997 2914 lllaji
1025 2817 1141 2913 Spirae
1169 2812 1336 2912 proxime
1356 2815 1578 2912 praeteritas,
1603 2818 1767 2913 indietis,

454 2971 482 3015 „
498 2913 653 2991 ablutos.
695 2916 772 3010 Jam
801 2913 888 2989 verb
916 2914 1076 3012 undique
1097 2915 1282 3006 nunciam,
1308 2915 1344 2987 &
1364 2912 1609 3008 probabilibus
1628 2917 1771 2993 indiciis

453 3014 706 3111 „confirmari
755 3016 842 3087 item
861 3038 906 3087 ex
926 3012 1164 3087 conventibus
1183 3013 1220 3087 bc
1239 3011 1448 3087 trattatibus
1465 3013 1666 3113 patescere,
1691 3014 1768 3092 fac·

454 3114 624 3209 „tiones
642 3115 679 3187 ὃ(
703 3069 841 3187 suedera
861 3113 963 3207 iniri,
991 3112 1027 3185 bt
1048 3111 1237 3207 pecuniam
1257 3113 1410 3211 colligi,
1432 3133 1474 3185 ut
1490 3134 1626 3189 veteres
1643 3115 1769 3191 abusus

452 3264 481 3307 „
499 3235 627 3310 magna
658 3213 695 3282 vi
713 3215 951 3301 retineantur,
977 3210 1077 3284 verbi
1096 3210 1208 3284 divini
1227 3213 1357 3284 veritas
1375 3208 1492 3287 denub
1510 3215 1768 3313 extinguatur,

454 3363 482 3406 ,‚
502 3310 538 3382 &
564 3313 626 3407 qui
655 3310 691 3381 id
719 3307 982 3406 profiteantur,
1017 3310 1054 3382 bt
1082 3332 1150 3405 pro
1176 3306 1300 3383 officio
1320 3311 1357 3382 ὅτ
1378 3309 1595 3384 conscientia
1613 3312 1769 3409 obligati

454 3459 484 3502 „
502 3403 592 3499 lint,
618 3429 659 3480 ut
678 3408 712 3479 id
734 3410 768 3478 in
788 3408 988 3479 ditionibus
1007 3406 1074 3479 suis
1093 3407 1261 3500 foveant,
1288 3405 1384 3479 bello
1401 3429 1572 3501 petantur
1590 3408 1626 3479 &
1642 3411 1768 3503 oppri-

455 3557 484 3601 „
502 3528 669 3598 mantus,
702 3507 788 3578 licet
815 3506 992 3578 neminem
1017 3500 1223 3593 offendant,
1256 3526 1319 3576 aut
1343 3507 1386 3576 ad
1415 3504 1586 3576 violentas
1612 3500 1770 3577 astiones

455 3624 717 3698 „provocent
761 3604 807 3676 Se
835 3604 947 3701 igitur
971 3603 1130 3698 ejusdem
1150 3598 1262 3673 officii
1281 3622 1365 3696 erga
1384 3601 1505 3673 Deum
1526 3598 1767 3678 &consciem
1870 3654 1885 3675 .

456 3702 564 3795 „tiae
590 3700 661 3774 suae
691 3700 866 3796 impulsu,
905 3699 1067 3774 adversus
1094 3700 1169 3770 vim
1190 3699 1405 3788 bebelium,
1432 3696 1529 3793 quod
1550 3699 1768 3796 intentetur,

455 3797 538 3893 „in
564 3802 713 3872 neminis
740 3796 932 3894 offensam,
965 3796 1023 3871 sed
1043 3822 1108 3891 pro
1127 3795 1207 3888 sua,
1236 3794 1453 3891 suorumque
1472 3797 1583 3869 tutela
1601 3822 1768 3874 mutuam

452 3949 481 3993 „
499 3894 741 3973 defenfionem
772 3897 893 3996 pastos
918 3896 1008 3991 effe,
1040 3898 1092 3969 ita
1118 3915 1160 3968 ut
1185 3918 1308 3968 omnes
1335 3895 1426 3967 vires
1445 3891 1513 3969 srut
1538 3897 1769 4068 conjundludri

1661 4022 1769 4090 „²⁹

512 4140 546 4218 a)
568 4139 635 4202 vid.
661 4136 964 4239 PERanONlUS
990 4140 1072 4207 Hill.
1099 4139 1173 4207 Sec.
1190 4137 1291 4206 XVI.
1316 4160 1346 4224 p.
1366 4158 1437 4223 142,
1460 4156 1530 4223 143·
1561 4137 1649 4205 conf.
1667 4136 1773 4206 SEC-

519 4218 867 4289 NDORF.Ln1l
1475 4238 1482 4249 ⁴

479 4305 548 4388 u)
572 4246 922 4377 seereuuoud'
938 4244 1008 4375 se.
1032 4308 1063 4392 s.
1081 4306 1165 4375 xv.
1188 4307 1281 4376 aare.
1299 4307 1342 4376 11.
1367 4310 1411 4375 n.
1430 4308 1483 4391 (a)
1503 4329 1538 4393 p.
1555 4324 1609 4392 44,
1624 4325 1684 4389 45,
