4442 5150
1038 541 1162 638 ’(44)

466 678 518 755 bis
535 683 587 757 vel
605 682 781 758 adducatis
797 683 873 781 ipsi,
900 683 955 759 vel
973 683 1099 757 adduci
1117 683 1257 771 curetis,
1280 699 1340 755 aut
1356 678 1501 755 salteme
1519 677 1664 779 vestigio
1675 702 1741 755 no·

466 774 517 850 bis
530 780 590 852 ubi
602 800 720 877 captus
737 779 839 853 fuerit
855 779 1023 869 indicetis,
1045 779 1239 875 intereaque
1249 800 1379 851 carcere
1388 774 1541 848 clausum
1555 775 1742 869 provideri.

466 874 721 963 terasservetis,
746 876 856 946 donee
873 875 957 969 quid
978 897 1083 968 porro
1101 872 1151 943 illi
1164 873 1375 947 inferendum
1396 869 1453 959 sit,
1476 867 1741 944 instrufflonem

465 968 611 1041 nostiam
638 971 853 1062 acceperitis:
879 992 1009 1063 vosque
1028 988 1167 1062 propter
1186 966 1385 1061 hujusmodi
1412 963 1565 1037 sanetum
1584 966 1621 1036 δι
1641 967 1741 1060 pium
1815 1002 1817 1007 ·

465 1084 577 1157 opns,
598 1065 639 1134 ad
656 1062 964 1168 ·compensationem
979 1062 1137 1135 laborum
1156 1085 1300 1158 quoque
1317 1063 1354 1135 ὅ(
1375 1059 1577 1156 sumptuum
1593 1058 1742 1159 benigue

465 1179 737 1230 remuneremini.
1502 1192 1507 1201 ·

515 1254 693 1326 xxviii.
720 1250 850 1324 Verum
873 1275 989 1325 contra
1011 1250 1104 1323 illius
1119 1249 1337 1340 necessarios,
1366 1246 1592 1343 eonjundlos,
1618 1247 1742 1323 thiasi)-

466 1368 517 1416 ras
533 1347 880 1441 ,patronos,altores‚
903 1347 1071 1434 fautores,
1089 1346 1348 1433 consentientes,
1368 1343 1513 1415 aemulos
1533 1361 1638 1439 atque
1664 1343 1743 1415 itui·

467 1459 587 1512 tutores
605 1444 799 1536 horumque
825 1441 964 1514 mobilia
986 1441 1039 1513 vel
1064 1440 1253 1513 immobilia
1270 1439 1386 1527 bona,
1412 1437 1543 1510 debetis
1571 1441 1604 1509 in
1619 1437 1741 1537 vigore

466 1534 587 1607 sanctie
606 1536 871 1624 constitutionis,
894 1535 1016 1608 nostrae
1037 1537 1073 1610 &
1094 1535 1226 1630 imperii
1246 1533 1519 1629 proscriptionis,
1543 1534 1579 1606 ὃ(
1598 1554 1742 1606 excom·

465 1630 701 1702 niunicationis
719 1631 785 1706 hoc
799 1632 918 1703 ordine
936 1631 1138 1725 procedere,
1159 1630 1317 1702 videlicet
1343 1629 1407 1700 iter
1425 1628 1584 1699 facientes
1595 1627 1744 1720 proster-

465 1743 566 1814 nere,
587 1727 808 1822 prehendere,
830 1725 982 1797 fortunas
999 1725 1167 1823 diripere,
1192 1726 1233 1796 ad
1248 1725 1400 1797 vestrum
1420 1721 1617 1795 dominium
1637 1740 1744 1795 nans·

464 1816 550 1893 serre
563 1820 696 1892 nemine
711 1821 763 1893 vel
784 1818 936 1891 obstante
955 1819 1008 1891 vel
1027 1820 1255 1915 impediente:
1281 1839 1446 1914 excepto,
1469 1816 1491 1887 st
1511 1814 1742 1890 verisimiliter

463 1915 752 2008 probabiliterque
764 1913 990 2004 confirment,
1012 1912 1044 1986 se
1056 1915 1118 1988 liae
1134 1913 1311 2010 scopulosa
1326 1915 1378 1987 via
1389 1910 1515 1985 deserta
1528 1909 1741 2010 pontificiam

461 2005 707 2081 absolutionem
721 2007 917 2105 impetrasse.

512 2101 632 2178 XXlX.
663 2103 827 2175 Praeterea
851 2102 1050 2176 mandamus
1071 2102 1180 2182 vobis!
1193 2103 1355 2177 omnibus
1374 2104 1410 2177 dt
1426 2102 1739 2203 unicuiquepriva·

464 2193 542 2284 tim,
581 2196 640 2268 sub
663 2197 872 2291 antescriptis
898 2200 1028 2293 poenis,
1054 2197 1294 2295 nequisquam
1316 2198 1466 2271 vestrum
1482 2203 1552 2294 jain
1569 2199 1656 2298 sape
1674 2226 1736 2276 no·

463 2290 578 2362 minati
599 2299 745 2363 Menai
761 2295 898 2365 Latiari
922 2291 1028 2364 libros
1044 2317 1064 2365 a
1081 2291 1196 2380 saneto
1215 2316 1308 2388 patre
1324 2294 1442 2366 nostro
1454 2317 1555 2388 papa,
1580 2316 1619 2366 ut
1637 2295 1736 2392 supra

460 2381 650 2473 indicatur,
672 2388 933 2476 condemnatos,
954 2389 1175 2487 ejusdemque
1193 2389 1257 2463 alia
1276 2390 1384 2462 multa
1403 2388 1522 2485 scripta
1543 2440 1554 2475 ,
1575 2410 1658 2485 quae
1678 2390 1735 2466 scu

462 2481 642 2553 vernacula
666 2484 722 2555 seu
745 2485 845 2556 latina
869 2483 987 2584 lingua
1003 2484 1198 2581 composuit
1221 2483 1406 2571 habienus,
1435 2503 1597 2578 tanquam
1617 2483 1736 2594 impii,

461 2573 574 2663 foeda,
599 2574 781 2673 suspesla,
806 2581 914 2652 diluta
936 2581 973 2653 ὅ(
997 2582 1173 2654 anotorio
1196 2582 1428 2677 pertinacique
1449 2580 1609 2676 liaeretico
1627 2582 1737 2681 edita,

460 2672 605 2763 amplius
628 2696 754 2761 cinere,
777 2676 992 2764 venundare,
1017 2676 1170 2764 servare,
1193 2675 1401 2758 describere,
1429 2674 1653 2769 imprimere,
1672 2676 1733 2749 de·

461 2764 560 2836 scribi
577 2762 628 2835 vel
644 2766 791 2864 imprimi
805 2769 930 2854 faeere,
947 2793 1010 2840 nec
1030 2770 1134 2862 ipsius
1150 2770 1302 2864 opinioni
1321 2764 1490 2867 sulliagari
1508 2825 1519 2859 ,
1538 2787 1597 2840 aut
1612 2772 1734 2863 praedi·

459 2878 549 2948 eare,
569 2859 770 2950 defendere,
790 2862 927 2934 alstreie
943 2862 1021 2934 ullis
1039 2864 1170 2952 medis,
1197 2863 1258 2961 qui
1275 2863 1319 2937 ab
1338 2866 1496 2961 ingeniis,
1517 2864 1735 2961 humanaque

458 2948 589 3027 solertia
604 2957 808 3054 excogitari,
830 2956 981 3052 usurpari
1008 2982 1050 3030 ue
1067 2958 1230 3054 pellunt,
1252 2960 1443 3054 praesumat.

509 3058 613 3125 XXX.
644 3052 721 3123 Nec
755 3075 838 3123 vero
863 3075 966 3149 quem
983 2983 1084 3126 sicile
1102 3074 1255 3142 moveat,
1277 3053 1372 3148 quod
1393 3053 1467 3126 haec
1484 3052 1655 3128 interdum
1672 3052 1733 3126 ali·

458 3142 541 3237 quid
571 3142 652 3217 boni
675 3146 716 3216 ad
749 3146 964 3240 decipiendos
990 3148 1164 3252 imperitos
1185 3149 1376 3222 admixtum
1404 3148 1527 3221 habere
1560 3150 1733 3221 videntur.

457 3235 551 3309 Nain
570 3236 858 3313 siasaluberrimis
872 3241 980 3337 epulis
994 3265 1092 3314 unica
1110 3244 1229 3316 veneni
1244 3245 1378 3342 guttula
1393 3242 1525 3315 insedlis
1539 3243 1603 3317 sani
1615 3266 1735 3316 omnes

454 3330 659 3407 abhorrent:
688 3358 818 3430 quanto
837 3361 888 3406 ma
917 3337 942 3408 is
960 3338 1157 3435 hujusmodi
1173 3336 1250 3411 libri
1270 3337 1466 3434 descripta,
1491 3339 1584 3411 mille
1595 3340 1734 3411 venenis

454 3427 575 3501 animae
594 3429 822 3526 lethiferisque
843 3360 994 3528 pellibus
1020 3432 1173 3521 imbuta,
1196 3457 1265 3507 non
1282 3433 1392 3506 solum
1412 3456 1431 3503 a
1454 3429 1552 3505 nobis
1569 3434 1732 3507 omnibus

456 3520 679 3622 refugienda,
701 3526 754 3597 sed
775 3547 872 3599 ettam
897 3548 941 3599 err
957 3530 1120 3601 memoria
1137 3528 1317 3601 hominum
1339 3527 1504 3615 tollenda,
1525 3529 1732 3626 penitusque

454 3616 628 3692 obruenda
651 3621 752 3709 sunt,
772 3646 814 3694 ne
831 3622 993 3717 cuiquam
1015 3624 1177 3695 damnum
1198 3624 1364 3720 aliquod,
1385 3641 1445 3693 aut
1463 3643 1622 3695 aeternam
1636 3647 1731 3697 mor·

455 3728 522 3782 tem
535 3712 693 3791 afferant?
718 3716 898 3811 postquam
912 3714 1050 3804 omnia,
1070 3740 1151 3815 quae
1167 3720 1242 3790 c'us
1254 3717 1347 3792 libris
1361 3716 1450 3788 κᾶε
1462 3740 1501 3788 ac
1512 3716 1730 3793 laudabiliter

454 3804 573 3912 inserta
590 3810 683 3900 lunt,
705 3813 816 3884 multo
838 3830 949 3885 antea
969 3810 1090 3885 sandlis
1100 3743 1271 3909 patribus,
1294 3812 1338 3884 ab
1348 3810 1485 3883 ecelefia
1498 3813 1663 3887 catholiea
1675 3838 1729 3887 re-

452 3920 577 4000 ceptis,
603 3906 640 3982 lle
666 3905 881 4005 approbatis,
917 3904 1113 4008 frequenter
1139 3908 1371 4008 usurpantur,
1399 3906 1728 3984 introducuntur&
