4442 5150
517 664 586 750 ³30
704 632 1574 717 ursaonrnsvnuontrr
1717 655 1824 742 1526.

517 824 544 866 ,‚
562 768 972 856 excommunicationis,
1014 760 1244 858 suspensionis
1275 761 1295 834 ὲ
1321 762 1450 834 divinis
1477 761 1633 860 ingressis
1658 769 1825 845 ecclefia·

518 921 546 962 „
565 892 667 961 rum,
700 893 740 938 ae
766 867 872 938 etiam
902 861 1110 959 privationis
1136 861 1300 932 omnium
1328 860 1365 932 ὃ(
1387 857 1607 955 singulorum
1628 863 1826 940 beneficio·

519 1018 546 1059 ‚‚
566 953 645 1038 rum
670 964 811 1038 suorum
839 982 920 1058 qua:
946 957 1132 1029 obtinebat
1153 958 1267 1028 autin
1286 955 1467 1051 posterum
1487 957 1702 1032 obtenturus
1720 963 1829 1058 eliet,

519 1113 548 1155 „
567 1083 672 1157 atque
698 1059 929 1132 inhabilitatis
956 1057 999 1126 ad
1024 1053 1085 1127 ilia
1110 1055 1149 1125 ὃ(
1167 1053 1233 1123 alia
1250 1054 1466 1144 obtinenda,
1491 1054 1832 1157 confiscationisque

518 1210 548 1252 ‚‚
567 1161 727 1230 omnium
758 1157 794 1229 ὃ(
824 1152 1043 1250 finguioruns
1071 1150 1250 1223 bonorum
1278 1149 1368 1222 fisco
1395 1150 1569 1249 Episcopi
1594 1155 1830 1248 applicando·

519 1307 548 1348 ‚,
567 1279 645 1326 rum
670 1255 788 1350 poenis
808 1251 989 1347 citaretur.
1009 1300 1036 1338 „
1079 1247 1207 1340 Qrum
1226 1243 1313 1320 verb
1334 1248 1450 1319 miuus
1469 1248 1672 1323 consultum
1691 1256 1830 1330 videre·

517 1371 580 1424 tur
599 1349 843 1448 magistratui,
864 1369 904 1420 ut
923 1348 1091 1442 inaperta
1100 1345 1133 1417 l‘e
1143 1345 1305 1418 mitteret
1315 1344 1744 1448 periculaSchappclerus
1757 1357 1832 1447 (a),

1722 1449 1830 1546 Epis·

522 1676 544 1711 „
562 1630 618 1692 tint
643 1626 713 1689 vifis
731 1645 768 1688 ac
785 1622 914 1706 receptis
930 1621 1120 1706 presentibus
1136 1618 1238 1684 nostra
1253 1639 1291 1684 ex
1307 1634 1390 1704 parte
1406 1624 1594 1705 premptorie
1608 1622 1702 1690 citare
1717 1632 1830 1695 curetis

519 1760 542 1796 ,,
561 1703 800 1776 Chrislofferurn
825 1706 1030 1790 Schappeler,
1054 1703 1202 1768 assertum
1226 1705 1467 1787 beneficiatum,
1490 1720 1586 1790 atque
1601 1710 1830 1792 predicatorem

521 1844 543 1880 „
560 1795 633 1859 dieti
650 1791 752 1876 oppidi
771 1789 1016 1872 Memmingen,
1040 1801 1075 1852 ut
1090 1786 1166 1851 feria
1179 1787 1262 1851 sexta
1277 1786 1344 1872 post
1358 1787 1474 1853 festum
1483 1787 1707 1859 Conversionis
1723 1793 1830 1861 Sanffi

519 1926 543 1960 „
562 1877 652 1942 Pauli
669 1876 809 1957 proxime
825 1887 956 1934 ventura
972 1885 1152 1952 compareat
1167 1889 1275 1934 coram
1291 1871 1380 1935 nobis
1397 1872 1428 1935 in
1444 1872 1709 1954 oppidodtcallro
1722 1878 1833 1944 nolitis
1926 1892 1935 1908 ·

520 2010 542 2048 ”
559 1958 743 2124 {iiiiii
774 1952 1832 2126 ‘sl'{tln‘mlslsll{lsi{issimissllltlrtlsllss2¹3·

737 2086 746 2118 5
1201 2083 1210 2117 t
1816 2078 1831 2092 ⁸

518 2091 542 2212 ζ
559 2125 746 2202 deserum,
776 2141 814 2185 ac
836 2119 930 2184 etiam
952 2119 1129 2202 privationis
1151 2120 1300 2185 omnium
1325 2121 1355 2184 dt
1380 2122 1580 2206 singulorum
1601 2125 1833 2194 beneficiorum

518 2257 544 2293 „
561 2210 711 2285 suorum,
736 2225 799 2288 que
816 2202 933 2268 obtinet
950 2204 980 2266 δι
998 2201 1028 2266 in
1045 2202 1205 2286 posterum
1221 2203 1388 2285 obtinebit,
1404 2221 1499 2289 atque
1515 2207 1708 2275 inhabilitatis
1724 2212 1763 2276 ad
1778 2212 1835 2278 illa

518 2293 591 2379 „st
615 2291 675 2356 alia
697 2288 883 2365 obtinenda,
915 2286 1217 2370 confiscationisque
1240 2286 1388 2352 omnium
1409 2289 1440 2353 dt
1458 2290 1501 2354 fiu
1523 2292 1654 2357 ulurum
1671 2296 1834 2361 bonorum

519 2425 543 2462 „
560 2377 641 2447 fisco
664 2372 771 2437 nostro
795 2369 1055 2456 applicandorum
1077 2369 1174 2456 penis.
1213 2369 1314 2453 Quod
1338 2370 1478 2438 srdidus
1495 2308 1699 2441 dtinoffems
1716 2379 1746 2443 in
1763 2399 1833 2464 pre·

518 2506 542 2544 „
560 2475 634 2524 vato
658 2455 809 2521 citationis
835 2455 987 2533 termino,
1019 2467 1054 2516 ut
1078 2452 1258 2539 praefertur,
1289 2474 1474 2540 comparere
1496 2459 1653 2525 curaverit
1669 2461 1732 2525 five
1748 2482 1832 2544 nou,

519 2592 542 2627 ‚‚
559 2562 617 2607 nos
642 2539 845 2605 nihilominus
870 2538 908 2603 ad
930 2538 1182 2603 decimacionem
1198 2557 1349 2621 penarum
1365 2538 1576 2623 predidatum
1591 2543 1682 2629 ipsius
1699 2544 1836 2612 didiaute

520 2625 763 2711 „contumacia
785 2623 955 2707 procedere
978 2623 1157 2687 curabimus
1177 2621 1294 2703 justitia
1315 2624 1491 2704 mediante,
1515 2625 1667 2710 didoque
1682 2630 1777 2695 citato
1794 2632 1834 2695 de

520 2759 544 2794 „
560 2726 667 2775 cetero
684 2728 748 2773 nou
763 2708 834 2773 alibi
850 2706 903 2771 nifi
919 2706 950 2771 in
967 2704 1066 2770 valvis
1083 2705 1147 2769 save
1162 2706 1257 2787 portis
1273 2707 1405 2772 ecclesie
1420 2709 1604 2789 parochialis
1620 2712 1729 2796 prefati
1745 2734 1766 2779 ο
1788 2715 1833 2796 pi·

520 2846 543 2881 „
561 2794 592 2859 di
609 2792 774 2876 Dillingen
791 2810 845 2874 per
861 2791 1020 2875 publicam
1035 2790 1320 2872 proclamationem
1335 2789 1428 2856 edidi
1443 2792 1541 2856 citato
1557 2794 1587 2858 ἃ
1603 2810 1731 2862 vocato.
1800 2818 1832 2861 a·
1858 2812 1861 2818 ·

522 2892 633 2963 „tum
655 2880 686 2945 iu
710 2876 797 2941 diuo
821 2873 920 2939 castro
943 2872 1050 2938 nostru
1073 2870 1175 2937 Dillio
1200 2893 1238 2938 en
1264 2874 1365 2939 Aitno
1383 2876 1444 2939 dcc.
1475 2876 1629 2957 vigefimo
1653 2894 1766 2963 quarto
1783 2881 1835 2945 die

518 3011 541 3047 „
565 2962 658 3026 tercia
673 2960 797 3024 decima
811 2956 932 3022 Mensis
950 2955 1086 3035 Jauuarii
1100 2955 1157 3021 sub
1174 2892 1265 3040 igini
1281 2957 1376 3021 nostri
1390 2959 1433 3021 im
1456 2958 1598 3024 reffioue.
1614 3008 1638 3041 „

560 3046 610 3125 (a)
634 3043 730 3122 Juvat
745 3044 811 3106 haec
827 3042 934 3106 omnia
949 3040 1050 3104 verbis
1058 3036 1242 3105 Dosiiffimi
1254 3037 1409 3104 SCHEL
1448 3038 1556 3105 QRN
1559 3042 1591 3106 11
1608 3062 1748 3108 enarrare
1766 3047 1788 3106 l.
1800 3066 1830 3110 c.

518 3146 588 3217 pag.
600 3141 848 3209 321—325.
872 3124 926 3207 qui
936 3124 1119 3206 &deinceps
1134 3139 1203 3206 pag.
1215 3123 1286 3203 326.
1304 3122 1335 3186 a
1348 3123 1437 3221 seqq.
1461 3122 1705 3207 Schappelerum
1722 3129 1760 3191 ab
1775 3150 1830 3211 ea,
1885 3188 1890 3198 ,

519 3232 619 3299 quarn
635 3210 680 3275 illi
696 3208 824 3291 quidam
840 3207 1030 3289 inusserunt,
1053 3206 1209 3272 seditionis
1226 3212 1373 3287 macula,
1389 3224 1430 3271 tta
1445 3223 1554 3292 purgat
1569 3224 1605 3272 ut
1619 3207 1721 3293 aperti
1740 3211 1830 3273 telle-

518 3311 588 3377 tur,
616 3294 647 3360 se
667 3292 748 3357 haud
764 3312 863 3377 pauca
878 3294 946 3373 ejus
964 3292 1022 3357 evi
1038 3290 1214 3355 authentica
1227 3290 1381 3356 evolvisse
1395 3307 1622 3373 monumenta,
1645 3292 1719 3376 ipsas
1735 3294 1831 3360 etiam

517 3383 638 3448 tabulas
656 3377 813 3462 publicas,
837 3396 913 3460 quas
931 3378 1152 3461 protocollum
1167 3390 1303 3457 vocant,
1326 3395 1387 3440 nec
1402 3372 1550 3440 iuvenisse
1564 3389 1670 3440 tamen
1687 3395 1831 3462 uuquam
1908 3396 1910 3399 ·

516 3466 551 3533 in
583 3467 710 3529 illarum
740 3463 903 3526 turbarum
934 3457 1124 3524 discuffione
1152 3459 1207 3526 nis
1238 3460 1448 3525 honorificam
1472 3456 1670 3543 Schappeleri
1694 3461 1831 3525 mentio·

519 3569 594 3613 uem
620 3550 704 3624 lieri;
736 3542 928 3631 perlustrasse
951 3557 1095 3624 praeterea
1110 3543 1257 3625 quadam
1275 3543 1385 3627 scripta
1400 3542 1597 3626 Schappeleri
1614 3564 1712 3609 manu
1727 3565 1831 3610 exara·

520 3645 569 3711 ta,
599 3633 629 3692 in
653 3632 752 3712 iisque
775 3630 919 3695 animum
944 3626 960 3689 d
985 3626 1101 3691 ciendis
1126 3625 1324 3691 seditionibus
1340 3626 1465 3708 prorsus
1481 3627 1621 3691 alienum
1637 3627 1830 3706 observaffe3

520 3713 752 3794 Praeterquam,
783 3714 871 3805 quod
888 3708 1051 3775 Sebastiani
1069 3708 1200 3806 Lotzeri
1217 3708 1378 3794 Apologia
1393 3710 1437 3773 A.
1451 3728 1542 3787 1525.
1574 3730 1630 3793 pro
1649 3711 1830 3777 Memmiu-

520 3795 605 3881 geufi
630 3795 752 3857 civitate
776 3796 806 3860 ἃ
831 3815 899 3877 ejus
923 3794 1047 3878 pallore*
1062 3792 1172 3876 scripta
1193 3794 1387 3857 eontrarium
1403 3812 1536 3876 quoque
1552 3796 1676 3859 evincat
1717 3797 1832 3881 quippe

522 3878 577 3964 qui
594 3894 647 3960 per
663 3877 773 3941 anima
791 3879 922 3942 salutem
936 3878 1043 3959 jurans
1060 3874 1203 3956 testatur,
1219 3873 1464 3960 Schappelerum
1482 3877 1563 3941 adeo
1573 3880 1661 3943 omni
1675 3846 1831 3944 seditionis

522 3962 686 4029 concitatae
711 3965 806 4043 culpa
829 3980 956 4043 vacare,
980 3979 1016 4026 ut
1030 3959 1132 4046 potius
1149 3959 1283 4046 graviter
1298 3960 1455 4026 auditores
1473 3960 1546 4027 suos
1565 3962 1581 4025 i
1599 3961 1721 4028 diffidiis
1735 3978 1833 4044 atque

521 4046 617 4115 turbis
635 4042 754 4123 semper
770 4043 948 4108 dehortatus
965 4046 1018 4126 stt,
1042 4047 1073 4110 dt
1090 4060 1201 4109 contra
1216 4044 1249 4109 iis
1265 4044 1346 4128 pacis
1365 4045 1503 4110 studium
1521 4045 1627 4110 summ
1689 4065 1721 4108 re
1736 4064 1830 4109 com·

520 4124 733 4197 mendaverlt:
758 4124 815 4190 Ne
830 4125 990 4206 dicamus,
1008 4129 1096 4213 quod
1112 4149 1166 4210 ea,
1183 4146 1280 4212 quam
1298 4128 1448 4210 Cl.J.H.
1460 4128 1619 4196 HOTTI
1663 4124 1831 4195 GERUS

520 4212 602 4287 Hill.
634 4208 726 4276 Eccl.
757 4209 830 4278 Sec.
847 4206 947 4276 XVI.
978 4211 1016 4276 P.
1034 4212 1076 4278 ll.
1107 4231 1176 4301 pag.
1193 4232 1266 4296 5r5.
1289 4212 1361 4298 sqq.
1405 4213 1494 4281 uobis
1517 4211 1689 4299 suppeditat
1712 4210 1833 4313 Schap·⁸

1737 4301 1834 4381 pelen
