4442 5150
451 629 525 730 418
614 600 1512 701 'ursroutauvnuonntt
1601 625 1773 727 Anno.

456 759 619 859 Populus
644 759 698 830 his
714 755 844 831 auditis
862 774 963 829 tanto
977 751 1099 825 studio
1120 749 1294 826 Ecclesiae
1314 752 1546 827 emendandae
1563 777 1775 833 commotus

457 859 549 933 fuit:
584 876 628 930 ut
653 879 700 929 ex
719 856 852 949 ,sociis,
886 875 974 949 quos
1002 853 1038 922 in
1064 849 1253 946 Apulia&
1273 852 1441 926 Calabria
1457 851 1662 947 habebant,
1686 877 1776 931 natu

456 953 685 1053 grandiores,
720 955 757 1028 uc
785 950 848 1024 usu
876 972 993 1022 retunt
1017 951 1206 1044 peritiores
1231 952 1468 1043 accinerint,¹
1483 969 1526 1022 ut
1550 974 1636 1024 curn
1655 954 1709 1026 his
1728 953 1776 1029 de

457 1052 706 1126 emendatione
732 1047 905 1124 Ecclesiae
933 1046 1121 1120 consilium
1147 1068 1328 1143 caperent.
1371 1046 1487 1144 Quod
1506 1045 1590 1122 cirm
1610 1049 1775 1126 rescivis-

457 1147 555 1243 sent,
584 1149 715 1224 Praeses
733 1142 1184 1242 Provinciae,.Episcopi,
1211 1146 1442 1236 Sacerdotes,
1469 1147 1672 1233 Monachi3
1699 1172 1778 1227 non

457 1248 627 1321 destitdre
644 1245 836 1319 Valdenses
854 1243 970 1315 omnis
987 1246 1126 1341 generis
1145 1245 1332 1316 tormentis
1355 1264 1484 1315 vexare
1502 1243 1540 1317 dc
1557 1242 1740 1342 affligere:

507 1347 566 1419 De
589 1346 642 1418 his
661 1342 892 1418 Valdensrnm
911 1340 1036 1438 legatis
1052 1338 1525 1415 OECOLAMPADIUS
1542 1364 1639 1416 xvir.
1654 1340 1778 1441 Odio-⁸

458 1444 531 1516 bris
550 1445 656 1538 hujus
674 1443 755 1514 anni
773 1441 815 1512 ad
827 1442 1007 1512 Bucerum
1027 1437 1151 1511 scribit
1169 1439 1205 1509 in
1220 1438 1310 1511 hanc
1325 1437 1555 1511 sententiam:
1576 1441 1780 1517 Venientad

457 1558 491 1615 te
509 1538 687 1637 Valdenses
703 1544 846 1613 illiniri
861 1537 1017 1611 nimirum
1029 1539 1193 1632 perqudnr
1204 1539 1278 1629 pii,
1303 1539 1458 1609 audituri
1475 1537 1517 1617 &
1536 1553 1631 1610 tuum
1646 1543 1778 1636 inqui·

458 1641 597 1712 busdam
613 1643 790 1733 confilium.
816 1636 1015 1731 Ostendent,
1032 1636 1114 1731 quid
1128 1638 1198 1708 illis
1214 1635 1441 1729 responderim.
1467 1631 1777 1712 sammultiscon·

330 1768 340 1801 e
451 1736 720 1834 fabulationibus
737 1736 837 1808 horas
849 1734 993 1827 perdat,
1010 1734 1092 1830 leges
1101 1732 1230 1826 scripta
1248 1754 1321 1804 ntea
1331 1756 1344 1804 .·
1361 1733 1405 1814 {nl
1423 1735 1481 1806 oet
1495 1736 1566 1807 ittis
1577 1734 1779 1826 probatiora

457 1836 560 1927 dato,
578 1837 636 1906 vel
647 1830 1316 1929 aliquiscanunondatiuncultiapprobato.·
1333 1833 1545 1924 utstcdtein
1553 1833 1782 1929 pacidirniffl,
1863 1888 1865 1894 .

450 1937 520 2027 sua
537 1936 697 2026 corrigere
714 1934 889 2022 incipiant.
922 1922 1045 2021 Tapro
1063 1926 1275 2000 humanitate
1291 1929 1354 2000 tua
1370 1929 1445 2001 illos
1462 1931 1639 2006 tradabit.
1673 1933 1784 2031 Quod

451 2035 487 2126 fi
513 2052 597 2101 nunc
620 2028 685 2099 nbi
696 2048 769 2120 prae
785 2029 922 2121 negociis
939 2047 1001 2097 non
1018 2023 1061 2118 est
1078 2028 1263 2120 integrunt,
1288 2026 1437 2123 injungas
1454 2026 1494 2099 id
1505 2029 1690 2122 provincia
1706 2031 1782 2120 Ca·¹

481 2129 577 2199 iloni.
888 2172 890 2176 Α
1642 2153 1656 2184 t
1772 2180 1778 2193 .

455 2147 480 2222 p
507 2222 608 2295 Tum
636 2218 724 2294 verb
752 2218 788 2294 &
817 2215 1028 2293 Waldenses
1045 2215 1219 2292 dicuntur
1237 2218 1287 2313 (a)
1311 2217 1692 2323 Ministrosquosdam
1711 2237 1781 2302 ex·'

459 2337 579 2414 teror,
613 2319 657 2392 ad
685 2321 709 2394 S
737 2317 872 2392 nodum
900 2318 937 2389 in
962 2321 1142 2414 Angrunia
1166 2317 1258 2390 valle
1284 2314 1556 2412 instituendam,
1593 2321 1785 2402 consensus

459 2418 607 2493 ineundi
633 2343 761 2512 cauli,
796 2413 956 2490 invitasse
965 2446 979 2503 ς
1013 2415 1087 2488 Cui
1114 2413 1165 2487 rei
1191 2437 1276 2488 cum
1302 2412 1564 2493 destinarentur
1588 2420 1633 2493 Ga
1658 2423 1782 2499 Fatel-

458 2523 511 2595 tos
538 2519 576 2593 δι
598 2522 767 2592 Antonius
786 2517 959 2590 Satnorius
978 2510 1203 2587 Moranenfis
1222 2511 1445 2610 Delphinis,
1473 2516 1509 2589 hi
1529 2513 1574 2591 eb
1594 2516 1628 2591 se
1645 2538 1782 2595 contu·

457 2614 556 2708 lille,
581 2631 688 2711 atque
704 2612 820 2687 soluta
838 2611 988 2712 Synodo
1006 2612 1153 2685 reduces
1164 2613 1350 2687 Genevam
1367 2612 1541 2709 appuliffe
1559 2613 1783 2698 reseruntur.

459 2713 585 2811 Atque
605 2713 683 2786 baec
702 2712 848 2808 quidem
867 2711 967 2785 velut
986 2734 1049 2806 per
1066 2710 1289 2784 transennam
1307 2711 1352 2783 de
1370 2709 1639 2787 Waldenlibuo.

508 2809 759 2898 §.CXXIX
800 2809 839 2882 T
844 2808 1072 2883 IGURINI
1101 2808 1172 2881 hoc
1199 2833 1292 2881 anno
1314 2831 1419 2908 1530.
1463 2810 1582 2909 (quod
1605 2809 1784 2925 superiori

458 2933 554 2983 anno
569 2911 641 3006 jam
653 2905 843 2981 Beruenses
861 2904 1033 2995 fecerant)
1053 2904 1288 2981 reformandis
1304 2930 1451 3004 quoque
1467 2908 1628 2983 moribus
1646 2914 1781 2987 rntenti

459 3025 584 3096 erant,
610 3028 765 3100 eumque
783 3008 819 3077 in
839 3003 947 3077 finem
966 3000 1002 3076 d.
1020 3027 1127 3078 xxvi.
1143 3006 1270 3078 Martii
1289 3004 1459 3079 Edidtum
1472 3006 1528 3099 (b)
1547 3006 1783 3106 publicabant

460 3125 535 3201 quo
554 3102 731 3199 populum
750 3101 794 3174 ad
812 3100 1038 3220 frequentem
1055 3100 1171 3176 Verbi
1188 3104 1316 3176 Divini
1334 3104 1627 3180 auscultationem
1645 3105 1781 3183 exhor·

460 3200 651 3293 rebantur,
686 3198 790 3272 fimul
814 3223 902 3272 vero
929 3201 1034 3274 etiam
1058 3200 1162 3275 ludos
1178 3202 1369 3300 publicos,
1394 3202 1531 3301 aliaque
1546 3207 1624 3302 ejus
1666 3208 1784 3283 enerit

459 3298 612 3399 profana
635 3296 796 3373 moribus
823 3297 1051 3402 Evangelicis
1067 3299 1210 3374 adversa
1226 3300 1292 3375 suis
1312 3301 1597 3393 interdicebant,
1633 3226 1783 3402 thue,

460 3425 547 3475 curn
566 3401 602 3473 in
618 3396 768 3497 Synodo
782 3398 1023 3491 Provinciali,
1044 3399 1276 3498 Magistratui
1296 3399 1413 3473 fuisset
1432 3400 1653 3497 indicatumt,
1672 3426 1782 3501 quam

459 3501 563 3574 verbi
588 3498 702 3573 divini
729 3496 974 3572 ministrorum
996 3497 1138 3590 salaria,
1163 3500 1313 3571 nimium
1333 3519 1507 3597 quantum
1525 3500 1703 3598 perillam
1720 3499 1780 3575 su·

460 3597 738 3695 perstitiosarum
758 3598 994 3670 donationum
1012 3596 1246 3670 abolitionem
1265 3597 1375 3671 essent
1395 3600 1603 3691 imminuta,
1623 3599 1658 3671 id
1677 3598 1780 3673 fron·

461 3713 500 3766 te
527 3695 642 3769 serena
664 3721 736 3769 non
754 3694 980 3769 solummodo
998 3714 1189 3792 acceptum
1207 3694 1258 3770 est
1276 3694 1298 3768 d
1316 3696 1548 3793 magistratu,
1572 3696 1632 3771 sed
1649 3698 1711 3793 bt,
1736 3717 1781 3774 ut

461 3790 516 3865 illi
536 3794 689 3887 querelae
709 3795 955 3876 subveniretur
972 3792 1182 3890 opportune
1200 3794 1382 3892 provisum
1400 3795 1463 3869 est.

512 3887 582 3964 Sed
603 3892 639 3964 ὃ(
661 3891 930 3969 WILENSIS
950 3893 1106 3966 civitatis
1125 3899 1228 3990 (quae
1243 3891 1394 3966 Abbatis
1414 3892 1685 3969 SanGallenlit
1702 3913 1781 3972 etat

462 3988 691 4087 metropolis)
719 3991 872 4089 incolae,
906 3991 1110 4092 Evangelio
1137 4013 1216 4066 tum
1240 3991 1493 4088 adbaerebant,
1527 4016 1592 4091 per
1615 3992 1779 4105 ministe-

1681 4114 1780 4168 rrum

500 4223 551 4302 (a)
575 4223 640 4288 vid.
659 4220 908 4291 SPANHEM.
928 4221 1054 4289 Gener.
1071 4221 1183 4289 Rern.
1201 4222 1349 4309 Operum
1365 4223 1470 4291 Torn.
1482 4223 1528 4289 tl.
1568 4237 1681 4306 ·¹t29·

497 4306 551 4389 (b)
575 4303 824 4375 HOTTING.
840 4303 942 4373 Helu.
957 4308 1058 4377 Μ.
1073 4330 1104 4394 p.
1117 4328 1190 4394 522.
1214 4306 1443 4381 RucunT.
1459 4306 1508 4378 t.
1520 4244 1585 4378 ist.
1607 4304 1704 4394 pho,
1720 4305 1782 4372 dr.
