4442 5150
449 641 523 719 410
639 601 1507 689 HISTORIAEVANGELH
1592 610 1764 708 ann-0.

454 803 481 845 „
501 747 741 843 contingunt,
773 763 816 815 ut
842 741 1026 815 Lutlrerua
1053 739 1165 814 dicit:
1201 738 1241 812 ὅ(
1268 741 1331 832 qni
1357 738 1438 812 suot
1456 737 1699 837 pradestinati
1716 741 1765 816 ad

454 849 633 941 „vitam,
668 867 740 915 non
769 839 910 937 poliunt
937 838 1014 908 ficri
1041 835 1211 933 reprobi,
1246 859 1311 907 nec
1338 861 1358 908 e
1383 837 1531 910 contri:
1566 840 1766 936 quiaprae·

370 932 374 994 ἶ
454 940 687 1037 „destinatio
714 941 835 1010 divina
859 958 930 1007 non
959 932 1165 1006 snallratur:
1201 935 1454 1028 quorsumtot
1480 933 1690 1030 scripturae,
1724 939 1767 1013 &

454 1092 483 1134 „
502 1039 782 1135 praedicatores,
825 1036 862 1106 dt
898 1033 1031 1103 medici
1063 1029 1301 1127 corporales?
1338 1030 1455 1103 Nihil
1488 1032 1584 1104 enim
1610 1054 1766 1130 proptee

454 1187 482 1232 „
501 1139 580 1208 hec
611 1135 728 1207 minus
760 1151 821 1205 aut
856 1130 936 1226 plus
970 1126 1062 1200 siet:
1104 1128 1190 1225 quia
1214 1124 1405 1199 necessario
1433 1130 1654 1226 contingunt
1680 1155 1765 1205 om·

500 1257 568 1304 nra.
1710 1286 1713 1293 ,

456 1285 482 1327 ”
501 1381 530 1422 „
548 1327 728 1402 Indicabis
753 1323 914 1422 insuper,
943 1320 967 1394 st
986 1321 1086 1395 cordi
1106 1320 1169 1414 sit,
1194 1343 1276 1418 quae
1296 1319 1364 1395 sint
1381 1321 1631 1395 ceremonialia
1647 1324 1684 1398 δι
1699 1327 1765 1424 ju-

455 1478 484 1522 „
501 1426 642 1500 dicialia
666 1442 872 1522 praecepta,
904 1423 941 1493 dc
968 1418 1153 1516 quomodo
1179 1419 1465 1516 cognoscantur;
1501 1420 1539 1493 dt
1557 1445 1601 1491 an
1619 1422 1772 1517 penitus

455 1548 565 1620 „per
591 1520 728 1597 Christi
753 1523 945 1594 adventum
969 1516 1213 1594 exoleverint:
1241 1519 1279 1590 ὅ(
1297 1539 1341 1589 an
1357 1514 1471 1588 sensus
1488 1516 1674 1615 allegorici
1695 1519 1770 1597 fint

455 1672 484 1715 „
502 1619 738 1712 admittendi,
769 1620 808 1691 ὅ(
836 1615 862 1689 fi
888 1613 932 1686 ad
958 1613 1101 1710 plebem
1118 1612 1314 1687 docendam
1335 1611 1404 1685 fint
1420 1613 1545 1685 utiles:
1574 1616 1613 1689 dt
1630 1617 1695 1711 qui
1711 1615 1767 1692 sa·

454 1769 483 1811 „
502 1742 574 1791 ctae
585 1718 784 1829 Scripturae
804 1715 839 1786 in
857 1707 1258 1807 utroqueTestamento
1276 1709 1344 1783 fint
1356 1710 1431 1783 veri
1443 1709 1549 1803 libri,
1567 1734 1609 1787 ut
1618 1713 1768 1809 dicunt,

454 1867 484 1908 „
502 1816 702 1906 Canonicr,
727 1815 833 1886 etiam
853 1833 934 1906 quae
952 1809 994 1880 ad
1014 1808 1143 1880 horum
1160 1806 1434 1881 declarationem
1452 1805 1562 1881 effent
1576 1809 1704 1904 nobie,
1720 1815 1774 1887 ad

454 1910 728 2006 „nostramque
753 1911 790 1982 &
817 1907 931 2004 plebis
954 1905 1150 1978 utilitatem
1176 1905 1366 1979 volumina
1387 1904 1556 1979 emenda:
1592 1908 1631 1984 &
1652 1910 1775 2008 qualia

455 2057 484 2101 „
503 2010 629 2080 modus
647 2005 819 2079 tenendus
838 2002 881 2075 sit
899 2002 1123 2100 plebeculam
1140 2001 1308 2076 docendo
1317 2001 1341 2074 i„

504 2156 531 2196 „
551 2108 595 2177 In
613 2101 778 2175 omnibus
795 2102 890 2174 enim
908 2097 1106 2196 speramus,
1134 2097 1373 2194 confidimus,
1398 2100 1437 2177 dt
1454 2123 1685 2202 peroptamus
1699 2127 1777 2203 per-

455 2252 484 2296 „
501 2220 537 2279 te
560 2200 605 2274 ab
624 2201 764 2297 Spiritu
780 2195 899 2271 saneto
914 2197 1048 2294 dirigi,
1072 2195 1269 2291 moderari,
1295 2197 1335 2272 ὃς
1352 2197 1565 2274 illuminari:
1593 2199 1772 2300 quoniam

455 2350 485 2395 „
503 2298 723 2392 nostrarum,
740 2294 1044 2396 quemadmodum
1062 2293 1188 2368 harum
1206 2315 1346 2368 tuarum
1363 2298 1512 2391 ovium,
1531 2316 1568 2372 te
1575 2322 1624 2396 op
1652 2295 1716 2372 idb
1730 2301 1778 2376 in

299 2489 301 2493 ¹
454 2449 484 2491 „
500 2396 676 2495 pastorem
686 2396 928 2494 percupimus.
944 2393 1051 2468 Unus
1060 2391 1302 2489 enimpastor,
1317 2393 1477 2468 &unum
1487 2396 1594 2470 ovile.
1649 2393 1772 2473 tficut

456 2545 484 2587 „
502 2520 562 2568 vas
578 2493 761 2568 eledlionis
779 2493 812 2566 se
829 2494 992 2565 omnium
1008 2490 1209 2565 debitorem
1227 2488 1487 2589 cognoscebat:
1508 2490 1557 2566 sic
1574 2510 1614 2567 te
1625 2493 1712 2568 vere
1723 2495 1771 2568 il·

455 2643 484 2685 „
502 2593 569 2664 lius
579 2594 796 2667 imitatorem
806 2588 1070 2666 existimamus:
1090 2591 1226 2687 quippe
1236 2588 1327 2664 ficut
1337 2589 1422 2685 hic,
1438 2590 1487 2664 fic
1496 2590 1572 2663 illic
1582 2591 1686 2666 causa
1694 2593 1776 2675 Dei

455 2739 489 2783 „
503 2690 640 2790 agitur.
669 2692 720 2764 Et
746 2689 838 2763 ficut
862 2689 957 2785 apud
976 2687 1077 2763 illum
1095 2709 1170 2759 non
1187 2684 1239 2760 est
1256 2686 1690 2787 personarumacceptio:
1719 2691 1778 2767 fic·

455 2837 485 2881 „
502 2812 569 2861 nec
588 2788 684 2885 apud
709 2807 768 2879 te,
793 2788 856 2885 qui
874 2785 958 2863 vetd
975 2809 1012 2858 es
1028 2785 1124 2858 illius
1142 2784 1316 2880 vicarius,
1341 2784 1393 2860 est
1411 2786 1535 2861 orbum
1554 2786 1694 2862 Christi
1711 2813 1772 2862 re-

456 2883 651 2982 „spectac
695 2886 733 2959 Ο
759 2886 896 2958 utinam
923 2885 1017 2957 inter
1033 2906 1097 2956 nos
1115 2880 1222 2955 firmi
1236 2882 1384 2957 essemus
1401 2884 1538 2959 unitate
1556 2887 1641 2983 conj
1670 2883 1775 2961 nait

455 3031 487 3073 „
503 2982 541 3054 &
559 3005 624 3053 nos
641 2982 765 3053 omnia.
776 3000 841 3052 tuo
860 2983 986 3079 tuique
1004 2977 1172 3053 similium
1191 2979 1363 3074 consilio,
1382 2981 1646 3079 quemadmodu
1704 3008 1771 3058 ve·

332 3076 337 3085 ’
456 3127 486 3171 „
505 3076 691 3149 hementer
715 3075 937 3174 indigemus,
972 3075 1212 3151 tradlaremus.
1256 3080 1300 3152 In
1325 3079 1493 3154 omnibus
1509 3100 1628 3157 tamen
1644 3079 1770 3157 vobis·

457 3226 485 3270 „
503 3198 591 3249 cum
615 3173 869 3249 convenimus:
897 3178 935 3253 ἃ
958 3171 979 3246 i
997 3193 1160 3271 tempore
1178 3175 1437 3270 Apostolorum
1456 3177 1596 3278 semper
1611 3177 1656 3251 de
1673 3176 1747 3253 fide
1754 3232 1777 3274 „

417 3307 418 3312 ¹
456 3324 485 3369 „
505 3271 597 3347 sicut
622 3292 709 3365 vos,
743 3272 929 3350 sentientes
954 3272 1278 3363 concordavimus3
1304 3276 1340 3348 in
1359 3276 1430 3349 hoc
1448 3274 1523 3349 solo
1541 3272 1772 3373 differentes,

456 3424 485 3468 „
504 3369 604 3469 quod
626 3371 735 3471 culpi
754 3369 896 3469 nostri,
922 3372 1129 3470 ingeniique
1145 3370 1255 3444 nostri
1275 3373 1444 3470 pigritia,
1471 3374 1677 3470 Scripturas
1692 3394 1772 3448 tam

455 3523 485 3566 „
503 3467 622 3565 rediri,
655 3470 763 3570 quim
791 3494 876 3562 vos,
910 3473 1116 3567 neutiquam
1142 3470 1391 3566 intelligimus.
1435 3468 1526 3544 Idcb
1548 3471 1592 3544 ad
1620 3490 1658 3545 tc
1679 3471 1769 3545 diri·

456 3621 486 3664 „
502 3570 636 3735 gpndi,
667 3569 873 3663 erudiendi,
908 3566 1110 3642 aedificandi
1136 3568 1176 3642 dt
1197 3567 1350 3641 docendi
1370 3570 1544 3643 venimus.
1586 3568 1774 3645 Omnibus

457 3716 486 3760 ’²
505 3665 978 3840 oiddi‘lilmoms
1006 3762 1050 3836 aa
1084 3762 1166 3835 haec
1200 3762 1236 3835 a.
1262 3786 1350 3835 xm.
1378 3762 1552 3838 octobris
1581 3763 1771 3862 egregiam

458 3852 595 3952 scripto
618 3858 715 3934 dedit
736 3861 1043 3961 Responfionem,
1076 3858 1310 3959 dignissimam
1338 3884 1421 3961 quae
1447 3863 1507 3937 hic
1525 3861 1651 3936 itidem
1669 3864 1770 3961 lega·

459 3974 529 4031 tur.
549 3953 600 4049 (a)
730 4029 735 4037 ,
1624 4108 1652 4150 „
1672 4055 1770 4129 Gn.

492 4184 548 4335 ἐι)
571 4202 604 4249 v.
623 4179 718 4270 apra
737 4181 923 4255 zwmo.
941 4190 972 4255 a
990 4137 1170 4261 oecon.
1191 4187 1265 4259 La.
1282 4189 1309 4257 1.
1331 4188 1432 4258 rom.
1451 4188 1544 4277 atq.
1568 4180 1776 4254 ascum

452 4261 490 4338 Τ
522 4264 568 4335 Τ.
592 4270 661 4337 dec.
679 4268 723 4338 11.
746 4289 816 4359 pag.
833 4271 906 4359 306.
923 4272 1012 4359 seqq.
