4442 5150
506 642 577 724 344
698 600 1562 699 nrsronrnnvnnonnrr
1647 627 1817 731 Astra·

506 759 681 858 gravioris
709 758 885 830 momenti
914 754 1062 852 proprio
1088 752 1194 826 nixus
1212 754 1362 827 consilio
1380 754 1567 851 definiret,
1594 759 1816 858 legationem

506 883 571 954 per
597 854 792 930 universam
820 856 992 926 ditionem
1020 850 1064 922 ad
1090 849 1344 943 expiscandum
1371 853 1506 927 civium
1525 878 1634 953 atque
1652 860 1816 937 subdito·

505 979 585 1027 rum
614 974 768 1027 mentem
797 971 905 1046 atque
927 949 1131 1045 judicium,
1161 951 1349 1042 mittebat,
1375 973 1444 1046 qua
1461 972 1578 1026 tamen
1596 960 1683 1052 quid
1702 957 1817 1037 effec-

507 1071 584 1124 tum
605 1051 669 1142 sit,
695 1075 767 1122 non
787 1048 948 1139 constat,
976 1045 1040 1117 nifi
1060 1045 1159 1137 quod
1178 1046 1306 1119 abinde
1322 1048 1608 1125 Reformationis
1625 1062 1818 1154 negotium

506 1173 571 1245 per
596 1169 710 1222 totam
738 1147 961 1242 provinciam
991 1140 1158 1240 prospere
1185 1142 1411 1238 succederet,
1445 1168 1551 1243 atque
1577 1175 1726 1245 percos
1752 1161 1816 1254 qui

505 1245 690 1318 veritat‘em
707 1247 781 1342 jam
800 1243 956 1335 amplexi
975 1261 1096 1330 crant,
1117 1263 1409 1332 promoveretur:
1431 1243 1818 1352 CerteSr'benthalenses

504 1367 589 1416 cura
606 1345 700 1415 Petri
720 1340 951 1416 CONZEN
960 1340 1056 1430 lI(a)
1074 1338 1379 1433 reformabantur,
1400 1344 1816 1441 Rohrbacensesomnium

505 1443 614 1537 primi
634 1440 753 1513 Missae
772 1437 1048 1524 renunciabant,
1075 1438 1376 1532 Emmathalenses,
1394 1441 1664 1536 Langnavienses
1680 1449 1717 1521 ὅ(
1726 1455 1815 1543 stu.

503 1539 727 1634 derswilenses
754 1537 876 1609 itidem
904 1535 937 1608 se
965 1531 1106 1606 Missam
1128 1534 1270 1607 abolere
1288 1536 1380 1606 velle
1400 1537 1547 1631 publice
1565 1539 1816 1642 declarabant,

504 1657 667 1732 petentes
701 1658 743 1708 ut
775 1634 839 1707 fibi
868 1633 1151 1727 relinquerentur
1176 1629 1227 1702 sui
1255 1632 1444 1725 Pallores,
1487 1637 1549 1731 qui
1575 1639 1724 1733 publice
1750 1671 1816 1742 per

505 1736 729 1831 Scripturam
748 1730 911 1806 sacrificii
928 1727 1101 1802 Mislatici
1120 1727 1421 1803 abominationem
1441 1729 1474 1804 se
1489 1735 1728 1814 demonstrare
1738 1744 1815 1816 vel-

503 1831 538 1904 le
564 1832 721 1927 polliciti
747 1851 865 1903 erant:
904 1829 1037 1918 Neque
1064 1827 1130 1897 hos
1156 1826 1329 1922 repulsam
1356 1827 1472 1901 tulisse
1490 1832 1648 1907 constat:
1677 1841 1815 1915 Boltin·

498 1930 610 2026 genfes
627 1953 699 2001 non
717 1931 833 1999 minus
851 1923 1071 2022 abrogabant
1091 1920 1258 2015 Missam,
1284 1946 1391 2021 atque
1409 1927 1446 1998 in
1463 1928 1820 2034 ipsaUrbeBernenfi

411 2083 412 2086 ,
498 2030 574 2122 jam
602 2048 677 2098 tum
699 2027 759 2115 ¹[ert
787 2022 924 2094 Tribus
953 2021 1130 2116 primariae
1157 2021 1300 2117 reliquis
1322 2025 1359 2094 in
1378 2023 1561 2100 abolendis
1581 2029 1700 2104 Millae
1717 2034 1814 2108 aliis·

526 2143 573 2195 ue
590 2147 674 2220 erga
693 2121 840 2196 Sandlos
858 2121 893 2193 &
911 2121 1084 2191 Mortuos
1103 2119 1306 2192 cerimoniis
1324 2118 1508 2196 abolendis
1525 2128 1701 2222 praeibant
1711 2155 1813 2206 men·

500 2147 535 2294 se
563 2219 792 2308 Novembri,
828 2217 957 2316 quibus
982 2215 1098 2288 mense
1122 2213 1319 2289 Decembri
1338 2220 1556 2295 accedebant
1572 2225 1651 2299 aliae
1665 2219 1814 2326 sepiem,

502 2339 544 2391 ut
571 2343 642 2390 non
668 2316 732 2391 nifi
759 2335 827 2392 tres
852 2314 1044 2407 restarent,
1074 2313 1204 2410 quibus
1222 2314 1294 2386 illae
1313 2317 1429 2389 adhuc
1450 2319 1673 2398 Millationes
1691 2328 1812 2422 place-

501 2416 612 2503 bant;
648 2416 789 2489 Tantus
815 2413 924 2486 fiebat
950 2412 1084 2508 ubique
1110 2412 1301 2485 concursus
1318 2438 1443 2488 eorum
1464 2420 1525 2513 qui
1544 2420 1815 2502 Reformationi

504 2514 713 2605 studebant,
748 2533 789 2587 ut
816 2511 926 2585 resrlli
954 2535 1026 2583 non
1046 2507 1182 2606 posset,
1209 2510 1406 2609 laetumque
1423 2516 1506 2589 inde
1526 2521 1735 2616 capiebatur
1751 2550 1812 2600 au·

502 2614 672 2709 gurium,
706 2613 783 2686 sore
800 2632 842 2685 ut
860 2610 960 2683 brevi
980 2630 1144 2704 tempore
1162 2608 1224 2680 lux
1246 2602 1435 2708 Evangelii
1455 2633 1569 2689 totam
1590 2621 1816 2700 collustraret

456 2708 459 2714 ⁴
500 2735 539 2783 re
570 2712 699 2783 ionem.
744 2707 885 2783 lntered
904 2730 1022 2781 tamen
1041 2704 1196 2801 provido
1215 2707 1365 2782 confilio
1383 2714 1581 2813 Bernenser,
1608 2723 1756 2817 nequid
1777 2726 1814 2797 in

500 2734 594 2906 ipsos
622 2810 670 2881 ita
697 2806 965 2881 Reformationi
993 2803 1171 2875 studentes
1195 2804 1312 2879 infesti
1338 2815 1610 2887 committerent
1629 2819 1815 2894 Pontificii

501 2909 610 3003 pagi,
645 2904 916 2979 conscribebant
942 2904 1167 2993 exercitum,
1202 2903 1353 3001 suosque
1371 2906 1639 2985 confoederatos
1655 2939 1695 2985 ea
1711 2917 1756 2988 de
1774 2944 1813 2990 re

441 3071 449 3083 ,
500 3004 716 3088 monebant,
753 3002 937 3075 Curabant
955 2996 1041 3071 verb
1064 2999 1188 3092 fimul,
1216 3003 1362 3097 nequid
1381 3004 1416 3073 in
1436 3007 1506 3077 hoc
1521 3008 1812 3087 Reformationis

500 3101 652 3197 negotio
673 3081 874 3171 inordinat&
892 3099 1205 3187 committeretur,
1232 3120 1292 3172 aut
1311 3100 1407 3196 quod
1426 3102 1606 3176 incurrere
1624 3106 1736 3198 posset
1755 3135 1811 3182 re-

498 3197 790 3297 prehensionem:
823 3198 886 3271 Ne
904 3196 1075 3278 monachi.
1090 3198 1147 3268 vel
1166 3196 1334 3271 moniales
1353 3198 1481 3294 quibus
1501 3199 1609 3274 libera
1626 3204 1661 3276 in
1680 3229 1809 3278 coeno·

1742 3304 1812 3381 biis

540 3450 589 3530 (a)
615 3448 748 3511 Petrum
766 3442 1080 3511 CONZENIUM
1100 3444 1221 3509 dislum
1239 3444 1275 3506 de
1284 3442 1464 3537 Schoathal,
1483 3464 1603 3526 magnae
1619 3450 1811 3521 audioritatis

496 3532 601 3595 virum
617 3533 723 3613 fuisse,
742 3532 948 3617 colligiturex
958 3551 1016 3608 en,
1034 3532 1122 3611 quod
1132 3530 1154 3592 is
1164 3550 1224 3612 prae
1234 3527 1361 3609 reliquis
1370 3548 1438 3608 Jam
1451 3529 1491 3592 A.
1505 3533 1596 3607 1526.
1615 3555 1691 3598 cnm
1703 3536 1810 3604 Pallor

498 3614 572 3677 esset
597 3614 827 3696 Erlebacenfis,
857 3614 920 3679 und
945 3634 1021 3677 cum
1048 3613 1171 3677 Berclrt.
1197 3612 1331 3676 Hallero
1352 3612 1391 3674 ad
1410 3613 1619 3679 Conventum
1635 3618 1810 3688 Badensem

492 3696 690 3774 mitteretur}
724 3699 827 3764 Unde
850 3700 947 3762 redux
971 3696 1070 3762 faetus
1095 3694 1184 3779 quod
1201 3710 1286 3758 totus
1304 3711 1438 3775 quantus
1457 3694 1688 3768 Reformationi
1704 3710 1809 3770 eccle·

497 3779 609 3842 fimum
634 3782 697 3863 agri
722 3780 882 3849 Bernenfis
906 3782 1099 3856 incubuerit,
1125 3792 1207 3861 patet
1230 3798 1267 3843 ex
1289 3776 1344 3841 Cl.
1362 3776 1641 3849 SCHEURERI
1660 3790 1814 3855 relatione·
1889 3803 1898 3810 '

494 3862 654 3927 Hillorica
677 3866 714 3929 de
739 3866 870 3947 eodem,
899 3888 969 3949 quae
994 3861 1133 3945 subjecte
1157 3859 1270 3946 legitur
1292 3862 1474 3947 biographiae
1494 3864 1650 3933 Francisci
1669 3870 1808 3938 Kolbiid

496 3946 674 4012 Schentero
691 3948 871 4032 conscripto:
888 3966 998 4032 p.177.
1023 3948 1053 4014 dt
1071 3947 1141 4031 sqq.
1166 3947 1220 4029 qui
1238 3947 1331 4012 fimul
1348 3948 1478 4031 edocet,
1503 3971 1600 4030 quam
1617 3952 1640 4016 is
1659 3952 1700 4016 A.
1714 3972 1806 4035 1535.

494 4033 532 4095 ad
549 4031 679 4096 civitatis
690 4030 850 4097 Bernenfis
869 4034 1056 4118 pastoratum
1069 4047 1202 4097 vocatus
1217 4032 1328 4113 fuerit,
1345 4033 1374 4096 in
1387 4032 1543 4100 Francisci
1555 4035 1661 4099 Kolbii
1676 4040 1806 4119 locum,

490 4132 585 4197 atque
602 4139 637 4182 en
649 4135 901 4196 commemorat,
920 4138 991 4202 quae
1006 4118 1029 4182 is
1044 4139 1100 4203 pro
1111 4118 1296 4183 Concordia
1307 4115 1605 4200 intetEvangelicos
1617 4119 1807 4203 stabilienda,

492 4199 632 4285 itemque
657 4222 714 4286 pro
740 4199 872 4270 Lutheri
896 4200 1045 4267 sententia
1068 4203 1098 4265 in
1117 4222 1216 4288 quam
1233 4217 1318 4269 totus
1335 4201 1555 4289 descenderat,
1578 4217 1813 4294 quantumpotq

491 4290 728 4373 promovenda,
752 4287 813 4377 egit
829 4304 924 4373 atque
939 4283 1040 4369 pallos
1057 4285 1110 4351 cll.
