4442 5150
401 584 637 730 'A.1525.
778 631 1416 710 RENOVATI.
1703 664 1771 730 291

465 765 665 839 sacerdotio
691 762 876 837 redderent
902 763 1069 861 indignos
1097 765 1170 839 &e
1214 767 1315 838 Tota
1331 790 1385 840 res
1405 764 1485 866 post
1504 770 1773 846 contentionem

465 887 537 935 non
561 887 666 935 unam
685 882 791 956 atque
809 863 1000 934 masculam
1018 862 1127 957 ipsius
1145 864 1305 936 Blaureri
1321 863 1606 959 propositionem
1626 869 1773 944 Senatui

462 959 590 1032 saetam
627 963 663 1032 in
699 960 888 1056 Evangelii
915 957 1010 1031 ceffit
1037 959 1223 1053 savorem,
1264 961 1407 1057 ipseque
1433 963 1621 1037 Blaurerus
1646 965 1771 1040 aueto-

463 1059 569 1130 ritate
595 1059 743 1147 Senatus
763 1059 797 1127 in
818 1080 963 1129 munere
980 1056 1043 1129 suo
1061 1057 1293 1132 confirmatus
1310 1058 1385 1144 est3
1413 1081 1542 1153 atque,
1570 1086 1652 1134 cum
1672 1066 1771 1138 Van·
1875 1074 1877 1077 ’

463 1161 537 1228 nius
564 1157 794 1251 permittente
821 1157 953 1228 Senatu
972 1155 1020 1247 (a)
1048 1155 1091 1225 ad
1119 1154 1423 1253 Memmingenses
1451 1157 1687 1253 Evangelium
1706 1185 1770 1251 an·

463 1256 694 1325 nunciaturus
720 1251 832 1323 abiret
860 1254 887 1324 is
910 1254 1103 1324 Zwickium
1131 1258 1347 1348 (quanquam
1366 1257 1428 1324 vix
1446 1257 1607 1349 potuerit
1624 1255 1768 1347 adduci)

461 1351 639 1444 collegam
658 1348 708 1420 est
727 1346 869 1441 nasius,
897 1352 957 1445 qui
978 1349 1108 1420 Vannii
1127 1352 1222 1422 vices
1241 1350 1464 1446 adimpleret.

467 1500 469 1507 >
511 1447 658 1519 BERN
666 1446 854 1536 ENSES,
889 1448 950 1540 qui
978 1446 1075 1516 illam
1103 1444 1123 1515 a
1150 1447 1292 1542 reliquis
1318 1471 1446 1519 novem
1465 1449 1564 1544 pagis
1582 1446 1767 1525 definitam

457 1543 723 1616 reformationis
749 1541 899 1613 sormam
918 1566 990 1613 non
1007 1543 1173 1638 equidem
1193 1547 1357 1640 plenam,
1382 1544 1440 1616 sed
1457 1543 1603 1640 adjectis
1620 1547 1767 1642 quibus·

458 1641 540 1712 dam
562 1638 820 1714 mutationibus
838 1658 1064 1734 receperant,
1092 1640 1162 1711 hoc
1181 1665 1273 1711 anno
1291 1641 1458 1734 eandem,
1478 1641 1623 1714 sednon
1642 1669 1769 1741 patum

460 1739 682 1810 immutatam
711 1760 776 1834 per
800 1759 935 1807 novum
963 1736 1142 1831 quoddam
1168 1737 1212 1807 de
1235 1739 1430 1834 Religione
1450 1739 1641 1833 Edidium,
1668 1744 1767 1837 quod

459 1843 602 1932 triginta
628 1843 767 1933 quinque
794 1831 849 1924 (b)
876 1830 1122 1905 absolvebatur
1142 1835 1323 1927 articulis,
1358 1834 1626 1934 publicabant:¹
1644 1841 1687 1911 In
1712 1842 1768 1914 his

458 1934 618 2006 articulis
637 1935 674 2007 ὃ(
693 1931 872 2028 sequentia
891 1928 1133 2003 statuebantur
1143 1964 1155 2018 3
1179 1934 1295 2003 Artic.
1313 1957 1349 2017 9.
1375 1985 1401 2025 „
1420 1954 1461 2004 ut
1479 1936 1573 2006 circa
1592 1959 1766 2032 purgato·

454 2079 485 2122 „
504 2032 619 2123 rium,
653 2032 755 2103 horas
781 2029 991 2119 canonicas,
1025 2028 1257 2100 anniversaria
1272 2029 1386 2102 etsrm.
1412 2031 1605 2130 unicuique
1625 2033 1766 2110 libertas

456 2178 484 2223 „
503 2129 645 2201 daretur
661 2126 829 2200 credendi
849 2127 886 2198 ilc
905 2125 1054 2221 agendi,
1080 2149 1161 2220 quae
1180 2128 1344 2223 liberent.
1368 2129 1469 2200 artic.
1483 2127 1538 2202 18.
1573 2130 1637 2201 Ne
1650 2130 1766 2205 sacer·

456 2244 487 2319 3,
503 2225 602 2299 dotes
621 2226 763 2297 uxorati
781 2224 1004 2320 privarentur
1020 2221 1078 2293 vel
1095 2217 1302 2314 beneficis,
1326 2225 1384 2295 vel
1404 2228 1644 2319 patrimonio,
1661 2231 1765 2304 artic.

454 2342 482 2416 ·„
505 2344 562 2395 tt.
598 2320 761 2396 absolute
788 2320 1062 2416 quibuscunque
1087 2321 1366 2393 interdicebatur
1389 2323 1529 2394 venales
1555 2324 1683 2396 habere
1710 2327 1793 2419 ins

454 2472 481 2514 „
502 2420 715 2514 dulgentias.
741 2421 843 2490 artic.
865 2438 922 2513 23.
960 2415 1023 2487 Ne
1051 2419 1128 2512 quis
1155 2420 1385 2515 peregrinus,
1412 2417 1495 2513 ipsi-s
1513 2443 1586 2491 non
1603 2422 1766 2519 exceptis

455 2569 483 2612 „
502 2518 678 2589 Romanis
699 2515 836 2588 Aulicis
856 2516 907 2609 (c)
927 2511 1101 2587 beneficia
1118 2516 1268 2612 recipiat
1283 2515 1322 2586 in
1340 2515 1477 2587 ditione
1496 2516 1683 2613 Beruensr,
1702 2519 1765 2594 sub

455 2665 481 2706 „
502 2636 611 2709 poena
638 2613 924 2685 incarcerationis
950 2610 1153 2708 additaeque
1170 2611 1381 2710 grarissimae
1399 2612 1557 2685 mulsiae.
1582 2619 1685 2690 artic.
1706 2630 1766 2694 26.

453 2711 600 2806 „Cum
629 2710 799 2805 Episcopi
826 2712 863 2783 ὃ(
890 2710 1016 2804 reliqui
1042 2710 1188 2803 Judices
1215 2709 1454 2783 Ecclefiastici
1482 2735 1555 2782 non
1579 2737 1626 2785 ex
1645 2716 1767 2811 rigore

455 2806 650 2905 „justitiae
677 2810 825 2903 puniant
852 2809 1061 2880 Sacerdotes
1088 2807 1129 2881 ὅ(
1152 2810 1307 2905 reliquos
1335 2805 1632 2900 Ecclesiasticos,
1675 2813 1764 2907 quin

452 2960 479 3000 „
500 2907 619 3003 potius
639 2908 679 2978 iis
698 2908 848 2977 nimium
869 2924 1039 3001 quantum
1060 2905 1291 3005 indulgeant,
1309 2908 1397 2979 adeo
1414 2927 1455 2977 ut
1473 2903 1674 2978 solutislrma
1688 2909 1763 3002 jam

453 3058 480 3099 „
498 3004 581 3076 eslet
601 3004 808 3101 disciplina,
835 3026 916 3097 quae
935 3006 970 3075 in
988 3003 1166 3079 societatis
1184 3005 1437 3078 detrimentum
1456 3023 1604 3101 vergat,
1630 3006 1712 3078 inde
1728 3006 1763 3081 se

451 3156 479 3195 „
498 3102 628 3175 dehinc'
655 3101 746 3197 ipsos
774 3100 927 3172 adinstar
953 3101 1171 3197 Laicotum‚
1197 3102 1404 3199 posthabito
1424 3101 1488 3174 illo
1504 3104 1629 3194 omni,
1655 3128 1763 3199 quem

451 3253 479 3294 „
498 3224 573 3295 prae
593 3199 626 3271 se
644 3200 804 3273 serebant
825 3196 1046 3292 charadiem,
1071 3201 1263 3297 punituros
1279 3201 1358 3274 elle.
1384 3202 1485 3272 artic.
1500 3223 1556 3296 30.
1582 3202 1619 3274 ὃ(
1634 3223 1688 3296 3¹·
1715 3201 1763 3273 Se

453 3351 479 3390 „
499 3299 711 3389 probibere,
731 3321 775 3369 ne
795 3293 1035 3368 Ecclefiastici
1053 3317 1115 3371 aut
1134 3299 1296 3393 Personae
1313 3298 1671 3371 v'elComtnunitates
1685 3295 1763 3367 Re·

451 3400 481 3483 3,
501 3393 635 3486 ligiosae
663 3395 757 3465 ullos
783 3412 901 3465 emant
928 3393 1078 3485 fundos,
1111 3415 1173 3467 aut
1200 3394 1371 3469 sibisrne
1391 3390 1612 3488 permissione
1636 3389 1763 3492 Magia

453 3540 480 3582 „
501 3487 645 3580 stratus,
670 3493 904 3587 approprient
923 3486 1143 3585 possessiones
1162 3491 1422 3579 haereditarias,
1450 3492 1521 3559 &c
1539 3535 1568 3575 „

502 3584 640 3655 Interea
668 3598 784 3659 tamen
812 3611 894 3660 curn
922 3605 1058 3659 mutuae
1085 3588 1158 3659 illae
1176 3604 1248 3659 non
1266 3585 1437 3659 cessarent
1455 3581 1650 3656 simultates
1668 3583 1762 3660 inter

451 3677 683 3756 Reformatos
710 3685 746 3758 δι
773 3684 950 3783 Papillae,
984 3706 1090 3857 atqtg
1115 3685 1223 3757 altera
1250 3707 1329 3782 pars
1345 3681 1447 3755 alteri
1465 3678 1627 3776 quotidie
1642 3683 1758 3853 tripole-
1793 3711 1797 3720 ·

1100 3808 1123 3855 o
1150 3804 1172 3855 2
1689 3806 1760 3856 ram

493 3993 542 4068 (a)
567 4011 599 4051 v.
627 3987 686 4072 Ep.
712 3987 961 4059 BLAURERl
995 3998 1034 4061 ad
1060 3994 1205 4080 Zwiugl.
1244 3990 1326 4076 apud
1350 3988 1599 4059 HOTTlNG.
1623 3993 1654 4058 iu
1677 3991 1757 4059 Hist.

450 4074 543 4140 Ecel.
570 4075 642 4140 Sec.
660 4070 760 4140 XVl.
786 4074 822 4135 P.
840 4077 883 4141 ll.
907 4099 937 4159 p.
955 4098 1029 4161 450.
1111 4121 1116 4150 5

493 4178 543 4253 (b)
570 4170 847 4238 STATTLER.
865 4174 969 4239 Tom.
981 4178 1006 4242 l.
1025 4165 1138 4264 p.'642.
1153 4176 1199 4260 sq.
1219 4145 1444 4276 RUCHAT.
1462 4174 1545 4275 T.l.⁴
1561 4195 1591 4258 p.
1604 4167 1675 4258 3'16,
1687 4188 1756 4257 317.

494 4278 544 4351 (c)
570 4272 987 4377 Der·RoemischtnBrrben.
1222 4311 1244 4322 -·
1347 4287 1390 4346 i·
1499 4314 1540 4345 ,·
