4442 5150
1019 519 1036 608 s
1060 529 1106 613 ¹9
1127 517 1144 606 )

450 654 1140 762 tooiisortiodeletett'tr,'lcger'e,asscrere,
1157 659 1365 758 'praedicare,
1382 649 1537 752 laudare,
1559 652 1734 762 imprime·

449 786 514 848 -re,
540 758 790 860 publicaresrve
811 761 1013 845 defendere,
1034 754 1089 829 seu
1103 757 1143 828 ‘in
1159 758 1339 845 domibus,
1355 758 1462 829 autin
1479 758 1551 829 aliis
1570 763 1733 859 locispu·

455 855 559 928 blicis
572 855 629 926 'vel
649 854 787 951 privatis
804 877 916 927 tencre
932 851 1205 948 quoquo-modo
1215 855 1478 947 praesumerent,
1498 855 1551 924 sed
1568 855 1625 925 illa
1637 881 1734 929 com·

460 948 641 1022 burerent:
666 948 827 1053 ipsosque
845 947 975 1020 Christi
990 947 1107 1018 fideles
1118 942 1188 1018 sub
1202 948 1304 1020 eruis
1326 945 1438 1044 poenis
1450 951 1674 1039 monuimus,
1696 972 1736 1024 ut

449 1043 550 1139 ripsos
567 1041 743 1115 baerettcos
767 1041 950 1114 declaratos
967 1044 1004 1114 ὅ(
1024 1039 1264 1113 condemnatos
1282 1042 1445 1113 mandatis
1456 1039 1577 1114 nostris
1590 1067 1658 1114 non
1670 1043 1735 1116 ob-

453 1156 699 1232 temperantes,
719 1136 794 1232 post
814 1137 943 1231 lapsum
959 1134 1044 1207 distr
1060 1135 1194 1208 termini
1211 1136 1374 1209 evitarent
1391 1136 1558 1209 &evitari
1573 1137 1733 1230 facerent,

486 1251 628 1304 uantum
646 1233 684 1304 'in
696 1230 850 1321 eisellet,
874 1255 935 1302 nec
946 1230 1088 1302 cumeis
1106 1232 1350 1303 commercium
1361 1250 1419 1302 aut
1429 1230 1577 1327 aliquam
1589 1254 1736 1305 conver.

452 1382 459 1397 .
494 1325 620 1398 tionem
642 1327 699 1399 seu
720 1328 996 1397 communionem
1023 1319 1206 1411 baberent,
1227 1348 1291 1397 nec
1306 1328 1353 1398 eis
1373 1324 1548 1398 necessaria
1568 1325 1736 1401 ministra.

457 1441 546 1493 tent.
596 1419 721 1516 Etpro
740 1419 856 1516 majori
877 1426 1037 1504 Martini,
1063 1417 1275 1515 suorumque
1291 1418 1520 1515 complicum,
1543 1423 1735 1513 fautorum,
1809 1452 1817 1464 ·

459 1514 704 1586 adhaerenuum
719 1516 754 1586 &
769 1535 1015 1608 receptatorum
1031 1513 1105 1609 post
1119 1509 1248 1618 lapsum
1263 1513 1396 1587 termini
1407 1514 1651 1587 declaraturum
1665 1517 1732 1589 ltae·

452 1611 645 1680 :eticorum
670 1607 865 1704 hujusmodi
885 1606 1100 1693 confufione,
1128 1607 1253 1678 eisdem
1271 1606 1402 1679 Christi
1424 1606 1603 1696 fidelibus,
1626 1610 1734 1682 Patri·

450 1704 587 1792 arcltt's,
608 1700 880 1796 Arcbiepiseopis
891 1756 902 1790 ,
913 1701 1089 1797 Episcopis
1103 1701 1142 1772 &
1159 1699 1232 1772 aliis
1246 1700 1396 1773 Praelatis
1412 1700 1657 1791 Ecclestatum,
1680 1728 1733 1776 ca·

455 1797 578 1894 pitulis
597 1798 634 1869 &
653 1795 800 1893 personis
818 1795 1069 1883 ecclcfiasticis,
1094 1793 1348 1867 secularibus&
1360 1794 1595 1894 regularibus,
1617 1820 1734 1870 ertem-

456 1891 575 1986 ptis&
593 1915 661 1962 non
678 1890 860 1985 exemptis,
885 1889 1049 1962 universis
1067 1888 1285 1986 Principibus
1296 1910 1503 1987 quacunque
1513 1889 1734 1966 ecclefiastica

459 1986 498 2057 &
515 1986 685 2056 mundana
703 1983 915 2082 fulgentibus
936 1983 1115 2083 dignitate,
1139 1983 1347 2082 Regibus&
1363 1985 1579 2082 lmptratoris
1594 1984 1735 2058 uteuo.
1793 2047 1796 2053 .

460 2077 556 2150 ribus
575 2080 610 2152 ὅ(
627 2079 700 2151 aliis
716 2098 799 2152 tunc
819 2078 978 2174 expressis
995 2102 1055 2176 per
1072 2078 1267 2151 universum
1279 2077 1416 2167 orbem
1438 2081 1622 2176 praesertim
1635 2080 1669 2151 in
1681 2103 1735 2153 ea·

455 2171 538 2256 dem
553 2174 726 2245 tllemunia
743 2172 957 2263 constitutis,
982 2172 1241 2261 mandavimus,
1263 2192 1304 2244 ut
1314 2173 1375 2270 ipsr
1389 2177 1425 2248 &
1438 2197 1560 2248 eorum
1572 2172 1735 2270 quilibet,

456 2274 676 2355 Martinam,
699 2266 905 2364 complices,
926 2268 1154 2355 adherentes,
1177 2286 1423 2360 receptatores,
1447 2267 1595 2344 fautores
1617 2268 1735 2374 hujus·

459 2359 554 2431 modi
570 2360 782 2456 personaliter
799 2382 974 2456 caperent,
999 2362 1036 2433 bt
1053 2379 1171 2454 captos
1195 2361 1236 2431 ad
1247 2358 1394 2431 nostram
1409 2360 1596 2434 instantiam
1611 2383 1736 2437 retme-

463 2469 553 2543 rent,
576 2455 630 2530 vel
643 2457 755 2528 saltem
768 2480 842 2544 cos,
864 2457 900 2527 &
917 2448 1238 2545 eorumquemltbet
1257 2477 1276 2523 a
1293 2452 1359 2524 suis
1371 2452 1534 2544 ecclesus,
1556 2456 1735 2550 domibus,

458 2548 691 2640 monasteriis,
722 2547 970 2638 conventibus,
991 2540 1208 2635 civitatibus,
1228 2546 1416 2638 dominiis,
1439 2547 1734 2644 universitatibus,

459 2646 697 2735 comitatibus,
723 2645 838 2717 castris
864 2646 901 2717 bt
927 2641 1024 2716 terris
1048 2640 1191 2714 omnino
1210 2640 1438 2738 expellerentt
1459 2643 1609 2717 civitates
1633 2668 1733 2736 vero,

459 2737 629 2829 dominia,
651 2740 772 2827 castra,
794 2739 1031 2828 unaevitas,
1049 2735 1249 2826 comitatus,
1270 2734 1451 2826 fortalitia,
1470 2739 1596 2837 oppida
1609 2739 1733 2814 &loca

459 2855 681 2931 quaecunque
691 2833 837 2907 ubilibet
849 2832 1057 2907 consrstentia
1071 2833 1108 2906 ὃ(
1118 2854 1239 2904 eorum
1254 2830 1546 2929 metropolitanas,
1560 2833 1732 2908 cathedra·

460 2926 532 3018 les,
554 2928 759 3027 collegiatus,
787 2929 840 3002 vel
859 2928 939 3000 alias
950 2926 1125 3015 ecclesias,
1141 2926 1357 3017 monasteria,
1384 2924 1571 3024 prioratus,
1593 2928 1733 3021 domos,

458 3024 703 3097 conventus&
724 3023 800 3095 loca
823 3022 978 3122 religiosa
1000 3022 1053 3097 vel
1072 3027 1127 3119 pia
1145 3020 1383 3119 cujuscunque
1400 3023 1526 3095 ordinis
1542 3021 1670 3109 forent,
1690 3027 1734 3098 ad

457 3139 541 3213 quae
559 3118 669 3215 ipsum
688 3116 867 3216 praefatum
890 3126 1103 3206 Martiam,
1129 3113 1185 3188 vel
1205 3113 1354 3211 aliquem
1380 3135 1422 3189 ex
1466 3114 1611 3191 taedidtis
1629 3118 1732 3189 decli·

459 3236 540 3285 nare
550 3214 664 3286 contin
690 3232 776 3300 eret,
803 3214 968 3310 quamdiu
986 3212 1036 3285 ibi
1058 3229 1306 3309 permanerent,
1331 3211 1399 3284 &t
1421 3210 1428 3222 '
1455 3236 1501 3285 uo
1518 3211 1594 3310 post
1611 3232 1733 3299 corum

458 3305 640 3380 indedisce
669 3331 728 3379 um
741 3306 963 3381 ecclesiastico
975 3307 1174 3413 subjicimus
1191 3298 1395 3377 interdidto't
1422 3327 1570 3379 necnon
1589 3297 1732 3379 Patriar·

458 3399 549 3484 cbis,
573 3397 859 3500 Archiepiscopis,
883 3402 1082 3497 Episcopus,
1105 3397 1143 3473 dt
1158 3395 1232 3469 aliis
1248 3398 1415 3505 praelatis,
1435 3399 1591 3498 capitulis
1607 3399 1644 3471 bt
1660 3399 1732 3473 aliis

460 3492 610 3585 personis
621 3494 836 3594 supradietis,
860 3491 1042 3594 praesertim
1056 3496 1091 3566 in
1103 3493 1278 3565 Alemanra
1288 3493 1479 3567 constitutis
1494 3492 1559 3567 sub
1569 3493 1733 3567 fimilibus

457 3586 572 3682 poeuls
590 3588 627 3660 &
639 3594 788 3664 censuris
811 3590 1067 3679 mandavimus,
1092 3608 1132 3661 ut
1152 3595 1343 3661 Martinam
1355 3589 1392 3662 ὃ(
1409 3589 1492 3661 alios
1504 3587 1732 3687 supradisios,

459 3679 611 3783 stelapso
623 3681 718 3757 disto
728 3688 892 3777 termino,
909 3682 1067 3758 mandato
1077 3685 1117 3758 bt
1127 3681 1308 3757 monitioni
1319 3681 1441 3755 nostr-is
1457 3683 1652 3781 hujusmodi
1664 3707 1733 3759 non

460 3773 658 3871 paruissent,
686 3778 719 3848 in
743 3780 1042 3869 eorumecclesris,
1064 3778 1275 3870 Dominicis,
1301 3779 1339 3853 ὃ(
1357 3779 1430 3850 aliis
1449 3777 1577 3851 festivis
1594 3776 1732 3872 diebus,

457 3872 544 3942 dunt
564 3870 610 3940 ibi
629 3874 736 3970 major
752 3877 871 3971 populi
897 3873 1087 3949 multitudo
1108 3874 1151 3945 td
1169 3873 1288 3955 divina
1304 3873 1523 3965 conveniret,
1544 3872 1731 3951 declaratos

457 3964 634 4042 ltaeteticos
650 3969 687 4043 &
701 3969 946 4045 condemnatos
965 3972 1104 4139 ptgtlice
1121 3969 1336 4061 nunciarent,
1362 3967 1577 4070 facerentque
1588 3971 1624 4045 δι
1637 3992 1730 4136 mgn-

1058 4089 1080 4137 2
1198 4125 1200 4130 ⁴
1691 4087 1726 4137 a·
