4442 5150
401 581 576 733 masao.
674 629 681 639 ’
738 631 779 707 R
826 629 860 704 E
908 628 950 705 N
1001 628 1040 705 O
1087 626 1126 705 V
1176 632 1209 706 A
1259 630 1297 707 T
1339 634 1378 710 Ἰ.
1647 664 1716 744 3¹⁹

400 765 589 839 cucullum
608 763 853 836 monachalem
873 759 1057 858 deposuit,
1076 760 1303 861 vestibusque
1319 765 1447 841 abinde
1462 766 1713 848 ususestcom·

399 863 592 953 munibus,
617 861 785 958 deinceps
802 862 1022 933 matrimonii
1040 865 1223 936 contraxit
1242 866 1425 937 vinculum
1447 892 1531 957 eum
1551 893 1714 947 matrone

398 962 584 1061 TIgurina
611 956 873 1050 honestissima,
908 978 1015 1055 atque
1040 982 1086 1031 ex
1111 982 1164 1035 eo.
1185 965 1369 1038 Samui'lent
1396 964 1546 1063 suscepit
1573 969 1712 1063 filium,

399 1063 462 1157 qui
487 1059 531 1131 ad
557 1056 649 1131 seros
677 1081 808 1131 nornen
831 1058 908 1153 ejus
934 1058 1150 1153 propagavit
1167 1059 1350 1155 posteros,
1374 1062 1479 1158 eique
1498 1066 1581 1137 Seni
1601 1070 1713 1160 (vixit

397 1160 495 1231 enirn
523 1156 616 1228 ultra
642 1153 867 1252 septuaginta
888 1153 926 1227 &
944 1151 1029 1225 οᾶο
1047 1176 1157 1227 annos
1176 1160 1221 1227 A.
1237 1170 1340 1250 155⁶·
1366 1157 1441 1230 sato
1461 1159 1619 1247 fundus)
1639 1166 1710 1237 sul·

397 1279 501 1328 crum
520 1255 653 1351 pariter
671 1255 740 1326 suit
758 1274 864 1349 atque
881 1251 1045 1323 solamen.
1072 1250 1221 1343 Quanta
1238 1249 1325 1326 verb
1343 1256 1453 1328 nostri
1472 1259 1507 1329 in
1525 1261 1711 1357 explican-

398 1351 453 1428 dis
471 1352 593 1425 Libris
613 1352 729 1423 Sacris
747 1350 958 1445 cumprimis
971 1348 1112 1422 Veteris
1125 1350 1349 1424 Testamenti
1366 1377 1450 1426 cum
1469 1354 1613 1428 scientia
1630 1358 1710 1432 sue·

399 1451 448 1523 tit
467 1470 546 1523 tum
565 1448 757 1540 industria,
780 1449 816 1520 id
836 1452 872 1518 iu
891 1448 987 1520 hunc
1004 1470 1117 1542 usque
1134 1447 1229 1521 diem
1242 1451 1318 1545 ejus
1328 1451 1502 1525 testantur
1512 1453 1711 1528 Commen-

398 1550 508 1641 toria,
537 1545 637 1645 justo
664 1545 726 1618 suo
751 1545 921 1618 encomio
945 1542 1095 1616 minime
1114 1545 1363 1620 defraudanda.
1406 1550 1456 1623 Et
1472 1550 1543 1623 dici
1562 1555 1710 1649 nequit,
1834 1583 1839 1595 .

397 1647 548 1818 sss?
551 1642 1420 1839 isszsssgs'ssss‘ssass‘isissssff'dszss
1432 1647 1608 1819 {122st
1610 1652 1711 1821 ...3

398 1864 521 1914 amore
546 1839 736 1937 Evangelii
764 1835 945 1925 discendi,
980 1836 1134 1909 docendi
1162 1839 1199 1913 &
1223 1837 1381 1912 servandi
1401 1842 1487 1917 illuc
1504 1843 1538 1918 se
1555 1772 1710 1942 recipie·

398 1938 509 2031 baut,
536 1958 641 2034 atque
670 1939 713 2009 ab
731 1936 863 2031 ejus&
883 1935 1100 2029 reliquorum
1123 1935 1295 2009 Virorum
1316 1938 1521 2014 Dodrorum
1541 1965 1603 2016 ore
1620 1966 1710 2042 pen·

398 2034 520 2111 dentes
537 2034 779 2108 doctrinarum
800 2031 942 2105 haustus
959 2055 1032 2103 non
1051 2055 1160 2128 parco
1179 2035 1329 2108 modulo
1346 2039 1548 2133 capiebant.

445 2134 649 2224 Caeterum,
668 2155 710 2206 ut
723 2129 1097 2227 ZwingiiusTiguri,
1112 2133 1146 2203 in
1156 2155 1285 2230 magna
1295 2136 1421 2231 populi
1432 2134 1485 2211 fre
1512 2137 1647 2229 uentia,
1662 2138 1712 2213 itt

397 2229 515 2305 Henr.
526 2228 922 2331 BULLINGERUS
934 2229 1077 2322 Capelsae
1094 2228 1162 2302 suis
1180 2254 1325 2328 quoque
1341 2161 1562 2307 auditoribus
1573 2236 1622 2329 (a)
1642 2260 1711 2332 pu·

396 2328 527 2403 riorem
546 2328 590 2404 de
609 2330 840 2404 Sacramento
857 2324 1093 2398 Eucharistiae
1110 2325 1323 2400 Dosirinam
1338 2330 1562 2424 exponebat,
1580 2333 1711 2406 &ean-

396 2426 479 2500 dem
498 2428 604 2501 etiam
623 2426 756 2519 scripto
775 2424 989 2521 complexus
1007 2422 1079 2514 est,
1097 2425 1342 2519 quodWern.
1363 2427 1711 2505 Steinero&Borth.

399 2524 583 2600 Stockero
608 2522 900 2619 Tuginismifit.
950 2521 1083 2593 Secuta
1107 2523 1216 2594 etiam
1244 2521 1318 2595 illic
1346 2522 1534 2624 obrogotio
1561 2525 1710 2624 Missae,

394 2641 503 2717 atque
531 2621 601 2695 hoc
627 2643 719 2692 anno
739 2615 842 2718 15'26.
878 2621 998 2693 Coena
1016 2618 1167 2690 Domini
1188 2620 1224 2690 in
1243 2621 1381 2716 templo
1398 2621 1468 2696 rite
1483 2626 1591 2721 juxta
1607 2625 1708 2699 insti·

396 2719 575 2792 tutionem
601 2717 737 2793 Christi
765 2718 808 2791 ab
836 2718 977 2790 Abbate
1000 2717 1201 2815 Wolfgango
1220 2718 1367 2812 Jonero,
1402 2723 1465 2816 qui
1483 2723 1621 2816 pridem
1640 2724 1709 2796 do·

396 2835 503 2890 cente
527 2816 714 2914 Zwinglio
732 2818 767 2889 in
786 2816 944 2888 veritatis
962 2817 1211 2912 cognitionem
1230 2816 1438 2911 devenerat,
1466 2820 1505 2892 ὅτ
1524 2820 1711 2895 monacbis

394 2914 463 3013 ipfi
480 2914 766 3008 adherentibus,
791 2913 942 3010 totique
958 2911 1129 3007 ecclesia,
1154 2913 1331 2987 celebrata
1349 2914 1422 3004 est,
1445 2914 1584 2992 sublato
1605 2915 1709 2992 fimul

394 3034 504 3088 cantu
529 3014 789 3089 monachorum
816 3010 1082 3108 superstitioso,
1116 3032 1223 3110 atque
1248 3010 1269 3085 d
1294 3015 1473 3113 plerisque
1499 3039 1571 3088 non
1600 3017 1709 3091 intel·

364 3198 368 3207 Ι
394 3108 511 3186 ledo:
547 3113 706 3208 Qrando
733 3112 900 3183 monachi
927 3111 1044 3184 aetatis
1064 3112 1241 3209 integrae,
1269 3135 1334 3185 nec
1351 3113 1430 3187 satis
1449 3135 1568 3187 tamen
1587 3115 1628 3186 ad
1648 3139 1708 3187 ec·

394 3208 512 3285 clesiae
534 3211 770 3285 ministerium
788 3209 865 3305 apti
883 3207 925 3281 ad
944 3207 1092 3307 opificia
1110 3212 1149 3285 ὅ(
1164 3212 1357 3285 manuarias
1375 3232 1465 3286 artes
1482 3211 1710 3286 addIscendts

395 3310 553 3382 animum
573 3311 800 3403 adpulerunt.

443 3405 767 3480 BERNENSES
792 3402 889 3499 quod
907 3401 1064 3495 adtinet,
1086 3404 1160 3499 jam
1179 3401 1243 3477 sub
1262 3403 1369 3478 finem
1389 3419 1421 3492 §.
1439 3403 1588 3478 CVIII.
1614 3402 1710 3474 dixi·

396 3517 505 3588 mus,
541 3503 638 3596 quod
664 3503 760 3576 suasu
788 3504 825 3577 δε
854 3499 1029 3574 constanti
1054 3499 1190 3597 septem
1219 3502 1398 3599 Pagorum
1428 3496 1708 3574 Pontificiorum

396 3594 546 3668 hortatu
571 3596 604 3668 se
631 3598 651 3670 d
676 3601 822 3695 pristina
849 3598 1024 3697 religione
1047 3621 1122 3670 uon
1147 3595 1340 3670 recessuros
1364 3595 1433 3670 esse
1452 3593 1708 3690 decrevissent,

395 3691 501 3790 seque
524 3692 646 3787 juratis
673 3698 778 3769 adid
806 3695 1093 3771 obstrinxissent:
1131 3693 1252 3768 Edisii
1278 3718 1354 3767 eam
1383 3698 1419 3766 in
1440 3695 1514 3765 rein
1535 3713 1612 3767 tum
1631 3697 1708 3771 cufi

396 3789 478 3864 baee
496 3812 596 3862 erant
617 3791 672 3880 (b)
692 3796 830 3890 capita:
857 3848 885 3888 „
903 3792 1044 3869 Cessare
1060 3791 1190 3867 debere
1207 3794 1348 3887 quasvis
1365 3793 1409 3865 de
1427 3791 1601 3890 religione
1619 3817 1709 3866 con·

395 3941 422 3988 „
442 3891 622 3964 tentiones
639 3910 745 3985 atque
764 3895 921 3985 quereias
938 3915 1078 3966 mutuas
1088 3925 1101 3980 3
1130 3888 1365 3986 Zwinglianis
1386 3913 1489 3987 aeque
1505 3913 1546 3964 ac
1560 3891 1710 3988 Papistis

394 4037 423 4082 „
441 3986 690 4070 abstinendum
717 3984 784 4060 effe
806 3989 850 4062 ab
867 3992 1034 4066 omnibus
1051 3987 1282 4064 contumeliis
1300 4008 1406 4092 atque
1422 3988 1715 4065 cavillationibus

1583 4139 1611 4182 „
1628 4110 1709 4161 mu·

438 4220 488 4296 (ι)
510 4217 575 4281 rid.
594 4209 790 4282 SIMLER.
807 4213 839 4278 in
855 4211 932 4278 Vita
945 4210 1122 4306 uurtrngen
1138 4233 1207 4304 pag.
1219 4233 1270 4282 tr.

439 4299 491 4380 (b)
514 4295 744 4371 RUGHAT.
768 4294 815 4366 T.
834 4295 861 4364 1.
884 4314 954 4384 pag.
971 4293 1046 4383 386.
