4442 5150
462 636 679 732 A‚1526.‘
790 622 1430 706 RENOVATI.
1698 661 1774 747 3¹1

453 813 482 860 „
500 757 696 850 sententia,
731 778 812 853 quat
839 772 976 854 pugnat
1003 777 1085 827 cum
1112 779 1174 849 ea,
1208 779 1313 855 quam
1340 757 1507 837 haetenus
1524 785 1657 865 magno
1675 793 1765 846 con·
1875 762 1878 768 ’

453 912 481 956 „
499 858 595 933 sensu
613 854 775 928 defendit
792 851 954 926 Ecclefia
972 850 1183 926 Catholica:
1203 905 1231 947 „
1265 855 1400 953 Estque
1416 860 1497 934 haec
1516 861 1654 938 Erasmi
1673 866 1764 965 Epi·

454 957 544 1031 llola
570 950 789 1028 Germanice
816 949 932 1023 statim
960 948 1128 1023 conversa
1152 970 1260 1049 atque
1285 952 1433 1051 publice
1457 981 1578 1032 coram
1600 964 1764 1040 uniuerso

454 1053 606 1129 confilio
624 1049 771 1124 Badenst
791 1049 959 1132 recitata3
996 1047 1045 1119 Et
1064 1048 1157 1120 idem
1178 1067 1295 1123 tamen
1313 1050 1373 1124 ille
1389 1052 1645 1133 ERASMUS
1664 1060 1766 1139 breui

454 1150 536 1252 post
553 1152 684 1224 iterum
702 1145 862 1220 adBilib.
876 1144 1279 1243 Pircltlreymerum(a):
1306 1199 1333 1241 „
1351 1149 1449 1223 Mihi
1459 1154 1600 1228 nondis
1619 1156 1765 1254 liceret,

453 1302 482 1344 „
499 1250 639 1347 inquit,
672 1242 946 1337 Oecolampadii
971 1241 1162 1336 sententia,
1188 1243 1252 1316 nifi
1271 1242 1427 1321 obstaret
1444 1248 1574 1324 consen
1588 1277 1629 1327 us
1645 1257 1763 1329 eccle·

454 1400 481 1442 „
501 1346 573 1418 srae.
617 1344 704 1416 Nec
731 1344 826 1415 enim
851 1339 959 1411 video
985 1337 1072 1436 quid
1088 1360 1171 1437 agat
1189 1364 1320 1440 corpus
1338 1344 1555 1439 insenfibile,
1581 1372 1648 1424 nec
1664 1354 1764 1427 utili-

452 1496 482 1541 „
500 1463 610 1518 tatem
639 1441 826 1512 allaturum
855 1434 881 1507 fi
906 1435 1114 1528 sentiretur,
1149 1434 1261 1512 modd
1288 1438 1378 1515 adsit
1403 1441 1440 1516 in
1456 1441 1634 1542 symbolis
1649 1452 1766 1547 gratia

433 1534 481 1637 '„
499 1539 701 1640 spiritualis.
744 1537 794 1608 Et
821 1553 937 1607 tamen
965 1530 1008 1606 ab
1034 1533 1208 1606 Ecclesrae
1233 1536 1401 1611 consensu
1426 1565 1498 1614 non
1525 1542 1664 1639 polium
1691 1548 1763 1622 dis·

453 1692 482 1734 „
499 1639 646 1729 cedere,
665 1658 731 1708 nec
748 1655 906 1728 unquam
916 1628 1100 1724 disceffi„
1126 1631 1379 1709 Enimuerdex
1395 1636 1765 1721 hiscetimidiusculus

454 1736 595 1811 Erasmi
621 1733 757 1806 animus
782 1729 991 1826 colligitur,
1022 1751 1094 1824 quo
1114 1726 1245 1802 lullum
1264 1731 1337 1826 est,
1361 1753 1402 1807 ut
1420 1737 1630 1832 veritatem,
1656 1744 1763 1839 cujus

455 1833 560 1906 radiis
585 1853 657 1903 non
684 1847 826 1926 poterat
852 1849 926 1897 non
944 1822 1072 1898 intime
1090 1826 1258 1922 percelli,
1285 1827 1396 1905 libere
1414 1830 1492 1906 satis
1511 1834 1673 1931 profiteri
1690 1864 1766 1915 non

455 1931 621 2021 auderet,
654 1927 751 2022 quod
777 1926 805 1996 is
831 1922 935 1995 rebus
960 1920 1028 1995 suis
1054 1922 1089 1995 id
1108 1925 1258 1998 noxium
1276 1925 1345 1999 effe
1361 1928 1612 2027 arbitraretur,
1637 1959 1766 2014 necea

455 2027 645 2126 opinione,
663 2021 759 2122 quast
779 2020 980 2113 haereticis,
997 2039 1106 2120 atque
1122 2020 1165 2094 iis
1181 2024 1243 2121 qui
1261 2023 1304 2096 ab
1318 2024 1480 2101 Ecclefia
1494 2031 1661 2105 Romana
1678 2058 1765 2130 pro·

453 2124 577 2221 scripti
594 2143 716 2216 erant,
740 2118 897 2212 faveret,
922 2121 1054 2191 nomen
1071 2117 1171 2192 sunm
1189 2123 1328 2218 grauari
1347 2124 1455 2199 vellet
1474 2124 1553 2221 (b),
1580 2129 1764 2228 inprimis,

456 2246 540 2295 cum
567 2244 632 2294 nec
659 2220 780 2293 omnia
796 2215 1091 2293 Reformatorum
1110 2219 1387 2315 comprobaret,
1412 2246 1478 2296 nec
1496 2223 1765 2323 instigatoribus
1803 2280 1811 2287 -

455 2318 727 2411 destitueretur,
745 2316 807 2410 qui
825 2315 982 2388 animum
1000 2316 1076 2409 ejus
1093 2312 1269 2388 continuis
1288 2317 1325 2388 in
1342 2319 1576 2396 transversum
1594 2347 1763 2424 agerent,

453 2437 561 2514 atque
579 2414 600 2487 al
618 2416 728 2488 libera
745 2414 847 2486 Euan
876 2413 936 2484 elii
955 2408 1166 2515 profellione
1183 2411 1429 2488 abalienarent.

501 2513 572 2589 Sed
600 2511 637 2585 ὅ(
662 2513 701 2584 de
725 2517 823 2586 Auis
847 2435 946 2606 {ujus
971 2509 1224 2606 Disputationis
1248 2512 1408 2609 Badrnsts
1421 2566 1435 2608 ,
1472 2537 1668 2617 eorumque
1694 2545 1764 2623 pu.

454 2610 650 2683 blicatione
675 2609 839 2708 quaedam
867 2607 1044 2680 monenda
1069 2604 1220 2680 restant:
1256 2609 1411 2684 Perierat
1437 2612 1664 2714 Zwinglius,
1699 2633 1765 2718 ut,

455 2731 539 2781 cum
568 2703 633 2805 ipsr
660 2728 867 2804 comparere
891 2729 964 2777 non
990 2704 1137 2796 liceret,
1172 2705 1276 2779 Eceii
1301 2705 1471 2783 sententia
1495 2707 1516 2783 ὲ
1536 2718 1682 2790 notariis
1698 2743 1764 2794 ex·

454 2826 560 2902 cepta
588 2827 650 2899 per
676 2805 794 2877 literas
821 2804 1146 2894 transmitteretur,
1181 2804 1322 2899 quando
1348 2802 1540 2881 effesturus
1565 2832 1663 2906 erat,
1697 2834 1765 2909 ut,

456 2926 537 3001 quae
555 2902 659 2999 eopse
676 2903 734 2975 die
752 2901 796 2974 ab
814 2925 875 2974 ore
894 2901 988 2975 illius
1005 2900 1220 2997 exceptaad
1238 2900 1346 2975 Zwin
1376 2904 1463 2977 lium
1483 2906 1616 3001 perlata
1632 2908 1764 3008 client,

454 3002 652 3101 insequenti
679 3001 736 3073 die
755 3024 817 3097 per
836 3001 953 3072 literas
970 2996 1264 3091 confutarentur,
1290 3021 1334 3073 ut
1347 2925 1481 3102 {siguli
1500 3006 1644 3080 tandem
1662 3011 1766 3086 uide·

453 3121 555 3191 rent,
590 3123 670 3173 eum
700 3122 772 3171 non
798 3095 844 3169 dc
861 3094 1023 3170 domina
1040 3094 1120 3189 sua,
1145 3120 1226 3195 quae
1246 3097 1318 3172 Dei
1339 3096 1403 3192 lit,
1429 3101 1542 3174 ullum
1561 3107 1763 3203 periculum

455 3188 521 3272 fibi
546 3219 717 3271 metuere.
762 3192 833 3268 Sed
856 3192 901 3265 ad
927 3195 1018 3268 lranc
1036 3194 1248 3292 petitionem
1267 3196 1357 3271 nihil
1375 3197 1529 3296 responli
1549 3202 1690 3277 tulerat.
1709 3206 1763 3299 (c)

453 3295 719 3371 Provocavetat
745 3291 912 3390 deinceps
936 3290 1142 3464 Zwingllips
1161 3293 1215 3389 (d)
1235 3294 1278 3368 ad
1297 3293 1389 3370 Aeta
1407 3296 1692 3396 Disputationis,
1717 3322 1765 3411 ex

1131 3412 1150 3462 r
1536 3421 1543 3428 ·
1682 3419 1762 3494 qur·

498 3531 547 3606 (a)
572 3528 631 3615 Ep.
655 3531 835 3602 ERASM.
858 3552 979 3685 ηιξ.
1003 3553 1124 3620 p.94r.
1184 3620 1191 3637 ι
1376 3591 1379 3596 ⁴
1499 3624 1506 3638 ο
1598 3623 1605 3638 ·

498 3616 551 3694 (b)
577 3612 674 3679 Conf.
695 3617 753 3701 Ep.
770 3618 825 3701 Jo.
843 3620 862 3682 ὲ
879 3619 943 3685 LA
972 3619 1038 3685 CO
1055 3621 1093 3685 ad
1111 3617 1262 3685 Pellrcan.
1278 3639 1377 3705 quam
1392 3621 1579 3687 adduximus
1596 3643 1627 3689 m
1643 3624 1761 3692 Introd.

454 3699 544 3779 noflr.
570 3696 732 3843 qLXlL
756 3722 908 3786 pag.r5a.
931 3706 962 3768 in
979 3718 1046 3769 not.
1071 3705 1121 3786 (a)

496 3784 547 3861 (c)
602 3783 717 3844 :renim
734 3804 830 3862 quam
846 3788 978 3853 diximus
988 3801 1250 3873 argumentorum
1260 3784 1473 3854 Ecciarrorum
1482 3791 1666 3859 manamiffio
1675 3798 1763 3863 elan-

454 3866 576 3931 culario
593 3864 725 3927 consilio
743 3865 834 3932 fiebat
844 3893 902 3967 pet
917 3891 971 3935 eos
989 3872 1096 3935 soltim
1113 3871 1168 3955 qui
1186 3871 1203 3933 i
1221 3869 1386 3953 zwinqrio
1401 3873 1438 3938 ad
1456 3874 1485 3938 id
1501 3893 1587 3940 erant
1603 3878 1726 3947 delcdli.

495 3950 548 4030 (tl)
575 3949 637 4012 vid.
664 3947 697 4013 Ο
721 3970 750 4030 p.
775 3948 920 4036 Zwrnql.
943 3953 1047 4019 Torn.
1066 3955 1109 4020 11.
1135 3956 1194 4018 fol.
1214 3953 1285 4031 576.
1304 3955 1333 4016 b.
1364 4004 1385 4034 „
1402 3954 1523 4041 Neque
1539 3961 1588 4025 hic
1605 3964 1678 4027 milri
1693 3983 1762 4029 cre·

403 4087 407 4095 .
453 4035 522 4120 „di
549 4034 657 4097 velim.
735 4030 921 4114 isputationis
947 4036 1049 4114 Atra,
1082 4037 1113 4101 dt
1139 4036 1386 4119 qualnotariis
1402 4059 1440 4106 et
1459 4043 1621 4128 utriusque
1636 4066 1691 4110 ute
1707 4067 1760 4112 ex·

455 4127 583 4202 „cepta
599 4118 688 4195 snut,
717 4117 821 4180 tellot.
854 4117 953 4203 Spero
970 4121 1086 4184 etenim
1103 4122 1169 4182 haec
1187 4119 1262 4184 cirta
1276 4141 1409 4190 omnem
1426 4146 1548 4194 moram
1567 4129 1598 4194 dt
1614 4127 1764 4212 lergiver·

382 4213 389 4229 ·
456 4248 478 4282 ,,
494 4203 645 4266 sationem
671 4200 825 4266 sinceriter
848 4201 879 4263 in
897 4205 1005 4268 lucem
1022 4204 1257 4286 quamprimum
1273 4207 1393 4274 edenda
1407 4209 1486 4294 elle,
1510 4227 1545 4277 ur
1560 4216 1599 4279 ab
1613 4214 1760 4279 omnibus

455 4332 478 4370 „
496 4283 658 4354 Christiani
677 4284 812 4352 nominis
829 4285 1003 4351 cultoribus
1018 4287 1170 4372 cognosci
1185 4285 1298 4374 polliur
1312 4290 1373 4360 dte.
