4442 5150
465 624 634 724 nme
798 619 1441 716 nnnovnrn
1632 562 1776 727 ἰη

462 810 491 854 ,,
510 754 558 847 nd
585 753 801 847 contrarias,
827 753 901 829 dcc.
919 806 947 849 „
981 752 1181 830 Enimverb
1209 754 1264 828 bis
1279 755 1437 853 graviter
1453 751 1648 828 admodum
1665 753 1702 828 d.
1716 754 1774 832 18.

463 853 690 952 Septembris
715 851 903 948 respondet
929 852 1071 944 Caesar,
1104 853 1285 948 Papaeque
1310 853 1349 928 &
1374 851 1559 950 perfidiam
1577 850 1774 949 exprobrat

462 952 501 1025 ὅ(
530 950 725 1042 malitiam,
759 952 940 1045 variasque
965 953 1042 1045 ejus
1067 948 1205 1045 detegit
1230 949 1390 1043 fraudes,
1417 951 1582 1023 hortatur
1605 950 1774 1048 dssrceps

402 1140 405 1144 Ι
459 1048 612 1122 eundern
640 1047 683 1119 ad
710 1072 856 1144 pacem,
882 1069 988 1144 atque
1013 1047 1254 1119 ultimoloco
1279 1044 1453 1139 affirmat,
1495 1098 1522 1140 „
1539 1047 1660 1144 quod,
1687 1072 1774 1143 cum

461 1199 489 1238 „
516 1143 582 1242 ipsi
615 1142 683 1216 sint
710 1144 782 1216 duo
809 1167 938 1241 magna
963 1143 1150 1217 luminaria
1176 1145 1225 1238 (a)
1269 1142 1290 1215 a
1317 1145 1399 1216 Deo
1425 1144 1533 1216 ambo
1560 1145 1772 1241 constituti,

458 1265 621 1338 „opera
655 1240 738 1336 ipfis
773 1241 817 1314 srt
844 1242 982 1333 danda,
1024 1262 1064 1315 ut
1092 1239 1174 1314 inde
1198 1240 1295 1313 orbis
1322 1240 1502 1314 universus
1528 1240 1659 1314 tesiam
1687 1243 1771 1316 illu·

458 1390 488 1434 „
515 1339 720 1411 strationem
747 1341 918 1434 recipiat,
955 1341 992 1411 ὅ(
1021 1362 1156 1507 ηεοὲἰετ
1181 1337 1336 1434 ipsorum
1363 1336 1537 1411 dissidium
1565 1338 1707 1436 eclipsis
1733 1341 1772 1414 in

460 1434 719 1530 „Christiana
752 1437 925 1532 religione
961 1437 998 1508 &
1033 1435 1054 1507 d
1121 1436 1194 1507 rina
1230 1435 1392 1508 causetur
1427 1437 1465 1510 δε
1498 1458 1712 1532 generetur:
1742 1489 1771 1531 „

460 1530 604 1631 porro,
648 1532 745 1630 quod
780 1532 864 1628 ipsis
890 1531 933 1605 fit
959 1532 1184 1622 curandum,
1228 1552 1271 1606 ut
1293 1536 1392 1629 prius
1417 1531 1589 1606 tractetur
1617 1535 1653 1610 ὅ(
1681 1558 1770 1607 con·

459 1631 650 1723 veniatur,
691 1633 735 1703 de
769 1628 931 1703 hostibus
964 1627 1049 1701 fidei
1084 1627 1105 1701 al
1139 1630 1425 1703 Christianorum
1457 1630 1659 1705 cervicibus
1683 1655 1771 1727 pro·

458 1727 661 1823 pulsandis,
703 1728 819 1824 deque
843 1727 1134 1799 Lutberanorum
1160 1725 1382 1833 alimumque
1401 1729 1653 1801 haereticorum
1670 1727 1790 1803 sedis·

458 1825 498 1900 &
528 1826 706 1899 erroribus
737 1823 1047 1921 comprimendis,
1089 1824 1310 1922 corrigendis
1335 1845 1441 1921 atque
1468 1824 1654 1920 sedandis,
1695 1827 1771 1900 dcc.

458 1922 613 2020 denique
646 1923 766 1996 addit:
810 1975 837 2014 „
865 1922 950 1996 Nos
974 1923 1070 1993 enim
1098 1946 1209 2020 quum
1236 1946 1282 1995 ex
1309 1923 1362 1997 bis
1389 1924 1427 1996 ὃ(
1453 1924 1529 1996 aliis
1555 1922 1635 1995 satis
1660 1944 1772 1997 noto·

455 2021 561 2115 „riis
594 2019 705 2094 caufis
740 2021 877 2093 turbari
912 2017 1112 2092 videremus
1145 2019 1348 2093 universum
1383 2018 1555 2093 Ecclefiae
1587 2021 1625 2096 &
1658 2021 1771 2096 Chri·

455 2115 622 2214 „stianae
666 2120 850 2217 religionis
892 2115 1052 2208 statum,
1095 2136 1137 2189 ut
1178 2117 1282 2192 nobis
1323 2143 1364 2190 ac
1407 2118 1516 2213 ipsius
1557 2119 1770 2214 reipublicae

451 2267 486 2308 „
504 2214 737 2308 consulatur,
780 2238 858 2313 pro
888 2214 942 2289 his
983 2213 1151 2287 omnibus
1190 2214 1235 2286 ad
1269 2213 1385 2312 ipsum
1418 2215 1555 2293 sacrum
1590 2215 1773 2290 universa·

434 2364 488 2412 ¹„
507 2311 539 2384 le
563 2316 759 2388 concilium
787 2337 851 2410 per
878 2310 1067 2408 praesentes
1095 2313 1333 2403 recurrimus,
1365 2336 1407 2385 ac
1434 2310 1602 2389 &suturis
1621 2314 1776 2408 quibus·.

457 2432 646 2510 „cunque
670 2411 967 2511 gravaminibus,
999 2433 1197 2507 corumque
1222 2410 1565 2485 comminationibus
1590 2435 1770 2508 provoca·

455 2559 482 2601 „
501 2532 601 2600 mus,
636 2511 855 2607 appellamus
882 2509 918 2583 bt
944 2502 1233 2605 supplicamus&
1257 2498 1372 2583 v'ellra
1397 2506 1615 2603 Sanctitate,
1649 2509 1691 2592 ad
1711 2509 1777 2590 dis

451 2658 480 2699 „
498 2604 597 2677 &tum
616 2604 751 2679 sacrum
767 2608 1000 2699 Concilium,
1020 2610 1124 2701 cujus
1140 2608 1246 2679 etiarn
1266 2604 1426 2678 officium
1447 2629 1510 2702 per
1528 2609 1622 2679 viam
1641 2630 1774 2704 quere-y

454 2754 484 2798 „
504 2703 550 2771 lac
579 2702 632 2773 his
658 2702 703 2776 de
728 2704 837 2778 caufis
863 2704 1129 2800 implorandum
1156 2703 1358 2796 censemus,
1393 2704 1467 2777 &o
1486 2754 1513 2794 „
1557 2704 1663 2780 Tum
1677 2702 1770 2781 verb

455 2796 625 2879 etiamad
644 2800 838 2897 collegium
858 2801 1102 2876 Cardinalium
1121 2800 1244 2876 scribit
1262 2800 1437 2892 Carolus,
1463 2821 1596 2895 eosque
1613 2801 1657 2873 de
1678 2801 1774 2875 cle·.

454 2895 586 2978 mentis
604 2897 788 2973 insolentia
806 2899 996 2993 admonet,
1013 2921 1124 2999 atque
1140 2901 1257 2996 petit,
1273 2920 1315 2973 ut
1334 2897 1435 2980 illum
1455 2895 1568 2971 officii
1588 2897 1642 2990 (b)
1663 2922 1778 2993 cotu·.¹

454 2992 716 3090 monefaciant,
760 3050 787 3089 „
808 2998 843 3071 &
862 2999 905 3071 ad
924 3023 1047 3096 pacem
1069 3001 1314 3096 potiusquam
1333 2997 1376 3071 ad
1394 2996 1532 3074 bellum
1553 2998 1776 3093 hortentur,j

455 3090 552 3186 „sm
579 3115 697 3167 autem
723 3095 915 3186 recusarit,
947 3098 1006 3169 vel
1033 3096 1168 3171 diutius
1193 3123 1300 3195 quam
1327 3120 1471 3194 aequum
1501 3095 1545 3168 fit
1567 3094 1768 3189 concilium

453 3240 481 3281 „
499 3191 684 3284 extrahat,
720 3213 760 3265 ut
787 3193 950 3290 tumipsr
971 3193 1087 3268 statim
1108 3196 1291 3289 indicant,
1322 3197 1509 3288 hortatur,
1533 3195 1689 3287 etenim,
1717 3194 1767 3289 li,

452 3338 481 3380 „
498 3288 554 3362 vel
572 3312 721 3384 propter
740 3315 810 3362 non
830 3313 1072 3365 convocatum
1100 3296 1322 3386 concilium,
1341 3294 1400 3369 vel
1417 3296 1522 3386 nimis
1543 3293 1688 3387 longam
1707 3292 1767 3364 in·

453 3435 482 3478 „
500 3385 705 3482 terposrtam
735 3411 897 3479 moram,
930 3390 1020 3489 resp.
1055 3391 1256 3465 Christiana
1280 3391 1486 3465 detrimenti
1512 3389 1597 3481 quid
1624 3388 1767 3495 capiat,

452 3481 535 3576 „id
564 3482 627 3556 fibi
648 3486 759 3559 tribul
777 3484 925 3560 rninimd
945 3510 1125 3586 oportere.
1144 3541 1172 3582 „
1216 3486 1488 3562 Caesarintcrea
1507 3485 1586 3576 (c),
1609 3501 1650 3553 ut
1669 3483 1773 3593 tnju·.

1068 3586 1156 3659 Xz
1327 3635 1329 3637 -
1570 3657 1577 3671 ,
1677 3595 1768 3657 tram

497 3775 546 3855 (a)
572 3774 672 3857 Quod
698 3778 736 3841 de
761 3777 964 3844 luminaribus
990 3778 1030 3843 ait
1052 3779 1082 3844 in
1106 3799 1144 3843 eo
1168 3778 1306 3861 sequitur
1330 3770 1636 3845 INNOCENTll
1661 3772 1765 3843 Tertii
1833 3836 1836 3843 .

452 3855 617 3937 Pontificis
641 3863 760 3944 verba,
799 3863 908 3944 quiin
934 3862 1073 3945 Epistola
1094 3864 1132 3927 ad
1159 3861 1262 3926 Princi
1285 3881 1316 3925 es
1344 3861 1565 3944 Alemannis,
1595 3859 1701 3926 Deum
1724 3862 1766 3927 ait
1874 3877 1881 3889 ·

452 3938 636 4027 (Epistolar.
662 3946 775 4011 lnnoc.
795 3945 855 4010 lll.
881 3945 954 4012 Lib.
974 3947 999 4011 l.
1031 3966 1079 4031 cp.
1097 3965 1171 4028 40¹·
1203 3884 1301 4011 &sn
1320 3940 1364 4009 11.
1395 3964 1444 4029 ep.
1463 3964 1535 4029 294.
1566 3944 1625 4010 fol.
1646 3945 1718 4027 536.
1735 3964 1765 4009 a.

450 4026 524 4089 edit.
542 4026 674 4109 Balnz.)
700 4028 861 4112 condidiffi
878 4032 935 4093 duo
951 4030 1120 4093 luminaria
1136 4050 1265 4115 magna,
1283 4051 1412 4118 quorum
1429 4054 1525 4095 unum
1543 4030 1605 4096 diei
1616 4026 1765 4119 praeeffct,
1792 4097 1796 4101 ,

451 4110 583 4195 quodfit
599 4115 720 4194 majus,
743 4114 876 4176 alterum
894 4115 992 4196 nolli,
1015 4111 1148 4202 qnodstt
1166 4114 1279 4177 minus.

494 4193 546 4273 (b)
572 4186 801 4263 SLElDAN.
826 4196 971 4262 Lib.Vl.
994 4197 1054 4262 fol.
1070 4218 1123 4281 91.
1147 4218 1176 4261 a.

492 4277 546 4356 (c)
570 4276 653 4347 Sunt
669 4282 735 4374 hac
753 4277 959 4360 THUANI
975 4285 1070 4387 uerba
1085 4281 1159 4352 Lib.
1175 4282 1202 4349 l.
1226 4280 1340 4367 §.XL
1362 4306 1394 4387 p.
1413 4299 1475 4370 23„
