4442 5150
454 611 625 727 ’ἀφρός
789 624 828 699 R
877 622 910 699 E
960 624 1002 699 N
1052 623 1090 699 Ο
1139 620 1177 699 V
1226 624 1261 700 A
1307 626 1346 703 T
1396 631 1428 705 Ι.
1581 634 1583 639 ’
1695 630 1765 732 t'6'5
1850 658 1911 726 .·‘..³

452 759 573 859 gulari
598 753 769 925 qpistola,
795 753 852 827 sed
872 753 1114 828 timidiuscule
1135 755 1358 853 conscripta,
1385 759 1586 856 Principem
1608 761 1657 856 (a)
1676 764 1762 836 hor.
1862 740 1893 803 5⁵-
1921 796 1923 801 -

453 877 550 930 tatus
584 878 603 927 e
648 908 661 948 ,
704 873 745 924 ut
778 852 813 923 di
830 855 966 924 crimen
991 877 1085 924 verae
1114 878 1154 926 ac
1181 855 1379 927 neeeffariae
1405 856 1606 952 doeltinae,
1649 862 1685 933 δε
1713 863 1762 934 r'i·

453 973 561 1028 tuum
586 952 646 1026 sua
674 971 798 1022 natura
825 947 1103 1022 indifferentium
1125 950 1320 1047 disciplinae
1339 977 1379 1025 ac
1399 956 1514 1026 ordini
1534 954 1761 1030 servientium

453 1046 621 1126 accurate
648 1048 781 1138 servet,
817 1071 889 1142 quo
917 1044 1133 1141 potiffimum
1159 1051 1342 1120 cantiones
1368 1054 1568 1146 pertineant
1595 1053 1770 1148 Latinae,

454 1167 576 1223 textus
603 1147 690 1219 item
717 1144 967 1236 dominicales,
1003 1169 1112 1239 porro
1140 1143 1310 1217 festorum
1338 1147 1474 1219 dierum
1502 1147 1761 1231 discrimina&

453 1244 491 1318 id
517 1267 630 1343 genus
658 1241 802 1332 fimilia,
835 1261 940 1336 atque
958 1261 1083 1338 rogat,
1110 1261 1241 1312 utnon
1261 1262 1400 1315 tantum
1422 1242 1633 1318 Doditinam
1654 1247 1760 1343 fidei,

454 1341 498 1415 ad
517 1365 635 1416 veram
655 1341 873 1438 agnitionem
896 1341 988 1429 Dei,
1010 1337 1183 1434 justitiam
1204 1340 1241 1411 dc
1259 1361 1425 1413 aeternam
1444 1340 1587 1413 salutem
1608 1344 1760 1418 neceffa·

452 1441 539 1532 riae,
564 1461 689 1512 verum
710 1438 817 1510 etiam
837 1438 975 1508 timoris
995 1435 1089 1526 Dei,
1112 1433 1334 1528 dileelionis,
1353 1461 1503 1533 operum
1515 1440 1703 1513 charitatis
1722 1446 1761 1518 &

454 1537 621 1611 cultuum
644 1536 717 1607 Dei
733 1557 921 1624 verorum,
947 1533 1086 1629 populo
1105 1535 1260 1628 proponi
1274 1555 1395 1607 curet:
1423 1532 1555 1631 porri),
1575 1536 1761 1613 urdoelri-

453 1657 511 1707 nae
539 1636 693 1731 puritate
719 1631 881 1703 restituta
907 1651 1042 1701 veteres
1067 1630 1155 1701 ritus
1181 1653 1223 1701 ac
1248 1633 1460 1705 cerimonias
1483 1657 1627 1728 omnes,
1653 1658 1762 1732 quot·

424 1773 428 1779 ·
453 1751 545 1830 quot
571 1729 697 1804 servari
725 1729 856 1823 absque
877 1727 1063 1822 impietate
1081 1724 1246 1822 poliunt,
1274 1730 1446 1819 retineat,
1473 1731 1761 1828 quandoquidem

454 1827 826 1902 Christianismusnon
839 1826 1010 1895 inriubus
1023 1822 1063 1893 stt
1077 1822 1180 1913 situs,
1201 1823 1445 1898 sedintimore
1458 1829 1549 1918 Dei,
1569 1826 1657 1920 fide,
1676 1834 1761 1904 cha·

453 1925 575 2019 ritate,
587 1924 926 2017 &obedientiaerga
937 1921 1253 2018 magistratus‚&c.
1267 1923 1454 2021 Philippus
1464 1945 1580 1997 autem
1590 1927 1762 2026 Princeps

454 2023 496 2096 iis
506 2021 660 2097 confiliis
672 2020 1019 2108 Melanchtonianis,
1037 2019 1187 2090 nimium
1200 2021 1763 2119 utividebaturtepidis,nrinime

453 2141 668 2212 contentus,
689 2120 891 2214 &cupiens
911 2139 1032 2187 omnes
1050 2113 1187 2187 suarum
1209 2137 1379 2190 terrarum
1399 2119 1561 2192 ecclefias
1580 2121 1761 2216 puriffimo
1877 2147 1893 2193 ἢ

454 2217 530 2291 Dei
556 2216 679 2291 Verbo
706 2217 809 2312 regi,
845 2213 960 2286 mense
985 2211 1140 2286 oelobri
1170 2216 1274 2308 hujus
1301 2217 1381 2288 anni
1406 2228 1509 2311 1526.
1553 2220 1761 2320 Homburgi,

456 2313 552 2412 quod
585 2313 714 2390 Haffiae
740 2313 790 2384 est
817 2311 992 2409 oppidum
1018 2335 1090 2383 non
1116 2312 1307 2408 ignobile,
1353 2316 1672 2412 congregationem
1700 2343 1762 2392 ec·

455 2410 706 2504 eleusinium,
733 2410 790 2482 vel
810 2410 1005 2504 synodum,
1016 2409 1117 2504 cogit
1137 2410 1215 2503 (b),
1241 2430 1348 2505 atque
1365 2410 1412 2482 ibi
1432 2414 1475 2485 de
1488 2411 1774 2490 Reformatione·

451 2507 644 2585 solenniter
670 2508 842 2581 decernit.
888 2505 982 2580 Usus
1011 2527 1089 2580 turn
1116 2505 1167 2578 est
1188 2507 1358 2604 Princeps
1377 2507 1507 2607 inligni
1525 2535 1632 2609 opera
1652 2516 1762 2587 Fr'anss·

451 2609 529 2704 cisat·
557 2605 844 2678 LAMBERTI
866 2606 918 2692 (c)
947 2603 1390 2697 AVENIONENSIS‚
1423 2609 1610 2705 Theologi
1640 2611 1762 2707 Galli,

454 2706 519 2799 qui
546 2702 566 2774 a
592 2702 793 2795 Theologis
821 2702 1000 2774 Helvetiis
1027 2725 1128 2796 aeque
1145 2724 1185 2772 ac
1204 2702 1390 2774 Saxonicis
1408 2701 1481 2798 ipli·
1492 2707 1763 2783 commendatus

454 2819 533 2873 etat
550 2817 655 2895 atque
673 2798 806 2894 puriori
825 2800 997 2871 dodirinae
1019 2795 1229 2894 fingularem
1249 2800 1283 2869 in
1303 2799 1449 2871 modum
1461 2799 1642 2893 addicens,
1662 2808 1762 2900 quod

452 2895 588 2997 scripta
597 2900 673 2996 jam
695 2917 777 2971 tum
790 2894 832 2969 ab
852 2921 895 2969 eo
913 2898 1008 2970 edita
1019 2896 1073 2992 (d)
1085 2897 1356 3019 'quamplurima
1367 2896 1591 2972 manifestum
1601 2896 1771 2974 faciunt:-

1063 2993 1107 3069 λ
1132 3016 1155 3092 3·
1447 3066 1449 3068 ,
1639 2997 1762 3092 Quid·

493 3181 542 3261 (a)
567 3178 651 3243 Vide
667 3180 728 3243 hoc
747 3176 926 3241 Consilium
946 3178 1021 3242 inter
1032 3174 1397 3247 MELANCHTON
1401 3180 1604 3268 lSEpistoIas
1615 3181 1687 3248 Lib.
1698 3184 1769 3250 ill..

451 3281 500 3345 ep.
521 3264 571 3327 16.
605 3264 678 3326 edit.
712 3259 852 3327 Londin.
885 3262 943 3325 fol.
970 3280 1041 3342 500.
1082 3263 1112 3326 δὲ
1144 3265 1226 3348 apud
1260 3264 1395 3331 Scultet.
1430 3268 1550 3333 Annal.
1581 3269 1690 3334 decad.
1715 3270 1771 3335 ll„

454 3346 696 3514 pniliizinsqipsa
720 3428 842 3511 synodo
865 3448 918 3511 per
947 3428 1093 3513 Feigium
1119 3429 1354 3496 Cancellatium
1373 3448 1474 3516 aperte
1490 3435 1658 3514 palamque
1672 3433 1762 3496 testa·

454 3526 504 3577 tus
520 3512 562 3576 est
579 3512 747 3597 PrincepS,
772 3511 845 3574 Non
862 3511 917 3594 effe
936 3512 1126 3574 voluntatem
1135 3514 1243 3591 suam,
1263 3537 1435 3601 quenquam
1451 3536 1572 3598 cogere,
1586 3514 1646 3589 sed
1658 3529 1762 3598 optare

445 3596 483 3675 se'
489 3596 647 3678 scrutari,
672 3596 886 3683 quae'spellant
902 3596 944 3657 ad
958 3594 1148 3671 erclestarum
1164 3598 1272 3659 bonum
1288 3620 1320 3657 re
1342 3597 1433 3658 interr.
1446 3639 1532 3657 .....
1570 3594 1696 3660 Interea
1710 3614 1761 3663 ta·

454 3680 566 3759 mense
583 3683 684 3741 omnia
700 3682 824 3763 exigere
841 3679 919 3741 velle
936 3680 977 3740 ad
993 3681 1024 3741 S.
1042 3680 1210 3763 Scriptura
1227 3680 1299 3740 obru
1324 3703 1385 3740 am.

497 3764 549 3842 (c)
573 3760 625 3827 De
651 3764 689 3827 F.
717 3762 890 3827 Lambetto
916 3764 1061 3845 quaedam
1085 3763 1291 3826 delibavimus
1316 3765 1347 3825 in
1374 3762 1492 3827 Introd·
1517 3764 1555 3828 ad
1581 3763 1659 3831 Hist.
1684 3765 1767 3834 Res(

454 3843 486 3927 u
506 3843 618 3909 CXV.
660 3864 750 3926 .277,
771 3845 841 3924 278.
868 3846 929 3911 Sed
945 3849 1051 3912 Vitam
1067 3845 1135 3928 ejus
1153 3848 1182 3909 in
1199 3845 1394 3926 sequentibus
1411 3846 1515 3929 paucis
1532 3854 1773 3934 enarrabimus,

450 3928 499 4077 apti
522 3870 671 4078 eamnqii.
691 3928 1083 4077 SCHEpHORNIUS-
1100 3928 1269 4010 enarravit,
1294 3929 1331 3993 in
1341 3928 1586 3999 lltmoenitatibus
1604 3931 1762 4002 Literatiis

489 4032 569 4078 omo
641 4063 647 4075 .
696 4062 701 4074 .
740 4029 792 4093 07.
832 4036 846 4075 e
876 4061 882 4073 .

493 4098 547 4177 (d)
573 4093 627 4161 De
651 4037 694 4163 hii
718 4032 748 4161 iit
772 4036 945 4177 Maliillan.
965 4095 1243 4183 Dnisburgenfibus
1260 4095 1363 4163 Tom.
1383 4100 1425 4165 ll.
1451 4100 1555 4166 fascic·
1577 4102 1637 4167 lli.
1664 4122 1695 4184 n.
1712 4101 1770 4168 X..

453 4197 567 4269 pm.
585 4181 650 4267 seq.
676 4182 828 4274 quadam
840 4181 962 4269 isnobis
979 4182 1050 4248 suut
1065 4197 1228 4249 annotata:
1254 4181 1374 4252 Interea
1388 4204 1466 4252 cum
1480 4186 1529 4252 hic
1545 4188 1599 4253 illa
1614 4206 1761 4253 comme·

1688 4288 1775 4336 mov-

1845 592 1923 663 <M

1885 638 1940 667 'fu'

1886 681 1892 691 Q
