4442 5150
407 638 440 663 ··
500 644 573 730 2⁶4
689 628 1557 709 rrrsrortrauvauouerr
1645 631 1815 734 A·1r24··

496 766 668 862 jungeret
695 790 819 863 puram
848 762 1038 861 Evangelii
1066 762 1384 858 praedicationem,
1411 762 1514 837 fimul
1534 761 1620 836 verb
1638 786 1817 861 repeteret

501 862 730 937 interdidtum
751 865 794 936 de
811 864 1040 935 matrimonio
1058 860 1302 952 sacerdotum,
1328 861 1424 956 quod
1443 862 1647 955 ediderant,
1673 865 1734 937 cui
1753 891 1815 939 va·

497 963 552 1033 ria
569 962 634 1033 alia
651 961 893 1059 adjungebant
918 984 945 1033 r.
968 960 1031 1031 Ne
1048 961 1127 1053 quis
1146 959 1322 1054 Imagines
1340 957 1539 1032 sanctorum
1551 961 1608 1034 vel
1622 981 1815 1037 contume-

497 1058 549 1129 lia
574 1056 731 1131 afficeret
758 1061 816 1131 vel
843 1058 1077 1130 demoliretur
1104 1055 1166 1128 sub
1194 1081 1301 1149 poena
1328 1057 1510 1128 arbitraria
1537 1080 1570 1129 ι.
1597 1082 1640 1131 ne
1658 1062 1737 1157 quis
1756 1062 1815 1135 vel

499 1177 640 1229 carnem
663 1156 720 1228 vel
738 1181 806 1228 ova
824 1155 1032 1228 comederet
1049 1153 1174 1227 diebus
1191 1155 1350 1250 Jejunii,
1379 1154 1441 1225 sub
1460 1179 1570 1251 poena
1587 1158 1739 1230 carceris
1757 1179 1812 1232 at·

494 1274 571 1348 que
590 1254 714 1325 decem
733 1251 902 1326 librarum
923 1252 1091 1341 amenda,
1111 1252 1167 1323 vel
1188 1252 1296 1349 iplius
1315 1275 1458 1347 quoque
1467 1254 1566 1323 exilii
1580 1253 1813 1352 irrogatione.

503 1370 535 1444 3.
550 1373 594 1422 ne
612 1352 689 1447 quis
701 1351 949 1424 contentiones
960 1351 1070 1422 cieret
1080 1349 1137 1420 vel
1148 1345 1318 1443 injuriose*
1327 1349 1478 1420 alterurn
1489 1348 1653 1423 tradlaret
1664 1373 1814 1450 propter

439 1537 442 1542 ¹
498 1447 733 1546 religionem,
751 1449 795 1520 de
807 1472 878 1547 qua
890 1447 1067 1544 judicium
1079 1445 1157 1537 suo,
1176 1444 1290 1537 idest,
1310 1445 1531 1542 magistratus
1542 1447 1691 1522 arbitrio
1702 1451 1812 1524 relin-

498 1547 561 1638 qui
578 1541 745 1619 volebant
756 1547 818 1639 (a).
844 1570 880 1640 4.
899 1569 942 1617 ne
959 1545 1037 1641 quis
1052 1545 1241 1618 haereticos
1251 1544 1381 1635 libros,
1400 1548 1602 1642 eosquequi
1613 1548 1813 1643 Scriptura:
1921 1632 1924 1637 ⁸

499 1642 619 1716 Sacrae
637 1644 746 1717 effent
765 1643 955 1736 contrarii,
976 1643 1032 1714 vel
1049 1642 1220 1715 venderet
1234 1642 1289 1712 vel
1300 1663 1433 1713 emeret
1443 1639 1625 1738 subpoena
1639 1668 1693 1718 ιο.
1704 1644 1813 1722 libra·

498 1764 601 1832 rum,
628 1742 664 1814 ὃ(
685 1765 767 1813 cum
787 1741 953 1814 mandato
971 1739 1080 1812 libros
1097 1738 1357 1825 comburendi,
1386 1741 1502 1812 Simul
1522 1737 1610 1814 verb
1628 1743 1735 1817 etiam
1755 1763 1811 1818 te·

500 1838 701 1928 stabantur,
729 1836 792 1910 fibi
811 1862 883 1909 non
902 1837 1044 1933 probari
1061 1835 1115 1930 (b)
1135 1837 1196 1910 illa
1213 1838 1334 1909 omnia
1350 1838 1487 1930 media,
1509 1838 1638 1934 quibus
1653 1841 1810 1915 Pontifi-

396 1937 398 1940 ’
498 1959 555 2006 ces
583 1936 744 2008 Romani
772 1934 937 2022 hactenus
960 1934 1010 2006 usr
1029 1933 1170 2006 fuerant
1189 1955 1339 2032 argento
1358 1935 1574 2029 emungendi
1592 1937 1710 2030 cives,
1736 1962 1811 2035 quo

498 2032 928 2125 Excommunicationes,
965 2032 1230 2127 Indulgentiae,
1267 2033 1556 2128 Dispensationes
1580 2032 1615 2104 in
1635 2033 1714 2107 casu
1732 2060 1810 2111 ma·

497 2131 749 2202 trimoniorum
776 2131 814 2203 ὃς
843 2128 919 2202 fim.
945 2130 1168 2224 pertineant,
1209 2128 1546 2227 „quandoquidem
1575 2129 1611 2202 id
1638 2133 1735 2225 quod
1753 2157 1810 2208 ar-

496 2278 524 2320 „
543 2248 655 2325 gento
683 2226 761 2300 fieri
788 2225 892 2325 poffit
919 2227 1145 2324 legitimum,
1181 2227 1217 2299 id
1244 2250 1387 2323 qunque
1405 2227 1609 2324 legitimum
1626 2228 1694 2303 elle
1711 2230 1811 2328 polle

496 2376 523 2416 „
543 2325 674 2422 absque
700 2346 870 2423 argento,
888 2378 915 2418 „
949 2326 1043 2398 unde
1070 2324 1103 2397 se
1129 2326 1173 2396 de
1201 2325 1254 2396 his
1279 2335 1387 2422 atque
1404 2324 1580 2399 -fimilibus
1597 2325 1811 2426 abrogandis

486 2422 646 2496 >consilia
672 2422 741 2496 elie
764 2420 919 2496 inituros
945 2422 1205 2519 promittebant
1225 2445 1307 2495 cum
1326 2423 1470 2519 reliquis
1488 2425 1610 2520 pagis:
1647 2425 1810 2501 Demum

427 2534 430 2540 '
496 2523 643 2620 quosvis
669 2543 869 2596 conventus
888 2520 1050 2596 fadtiolos
1069 2545 1109 2593 ac
1129 2519 1356 2594 turbulentos
1375 2520 1639 2618 prohibebant,
1666 2525 1809 2600 unicui·

496 2643 571 2717 que·
593 2644 717 2718 pacem
746 2622 973 2719 injungentes
993 2645 1035 2692 ac
1056 2644 1195 2692 morum
1216 2618 1446 2691 modestiam:
1480 2620 1614 2715 Neque
1631 2619 1720 2696 verb
1739 2625 1810 2699 mi·

494 2741 561 2791 nus
589 2720 722 2816 promti
750 2740 849 2791 erant
875 2721 911 2790 in
930 2716 1153 2816 exsequendo
1173 2741 1277 2815 quam
1298 2718 1333 2789 in
1352 2718 1578 2790 decernendo
1597 2719 1810 2818 Bernenses,

368 2862 371 2867 ‚
495 2814 641 2890 rimulae
667 2818 763 2890 enirn
792 2820 892 2915 prius
912 2816 1000 2889 illud
1020 2814 1182 2888 adversus
1200 2816 1468 2911 Clerogamiam
1489 2816 1714 2909 publicatum
1733 2842 1810 2895 erat
1926 2819 1940 2844 “

493 2914 702 3003 decretum,
738 2934 807 2987 tres
835 2914 951 2984 statim
978 2914 1154 2987 Canonici
1174 2917 1315 2984 uxorati
1335 2910 1519 2985 beneficiis
1538 2912 1605 2986 suis
1624 2916 1807 2989 exueban-

481 3030 581 3095 λιιιτς
629 3012 748 3084 Abbas
774 3010 971 3082 Trubensrs
998 3008 1120 3082 relicta
1144 3010 1287 3082 abbatia
1312 3034 1462 3082 uxorem
1490 3010 1667 3102 ducebat,
1702 3012 1809 3111 seque

492 3105 645 3204 opificio
664 3108 803 3180 cuidam
824 3109 950 3197 dabat,
970 3107 1178 3205 usquedum
1198 3106 1277 3202 post
1287 3108 1600 3184 Reformationem
1612 3108 1806 3192 stabilitam

493 3206 521 3277 is
541 3207 761 3277 Palloratum
782 3207 1121 3301 Lauperswilenlem
1142 3209 1335 3299 acciperet.
1575 3211 1577 3216 ’
1764 3210 1773 3225 ’

541 3316 571 3390 §.
592 3304 782 3379 XCVlll.
812 3306 898 3400 Erat
924 3305 984 3377 hic
1013 3327 1146 3395 annus,
1181 3328 1254 3400 quo
1275 3303 1545 3388 TlGURlNl
1566 3304 1690 3396 urbem
1710 3305 1806 3381 suam

493 3401 529 3476 ὅ(
558 3402 740 3476 ecclesiam
760 3402 812 3475 ab
842 3403 944 3473 idolis
974 3399 1274 3493 reformaverunt,
1308 3422 1415 3494 atque
1443 3404 1565 3495 multis
1593 3405 1708 3477 modis
1729 3408 1806 3481 rem

492 3499 682 3599 Evangelii
710 3520 991 3598 promoverant,
1028 3524 1107 3594 qua·
1137 3504 1269 3571 restiti
1289 3498 1394 3572 ludes
1420 3521 1493 3569 erat
1522 3502 1558 3571 in
1584 3497 1806 3599 reliquorum

490 3602 628 3693 oculis,
663 3603 712 3672 ita
739 3598 961 3671 creberrimis
981 3597 1032 3693 (c)
1059 3596 1167 3697 ipbus
1195 3597 1302 3697 Papae
1330 3598 1476 3668 monitis
1503 3599 1653 3673 excitati
1677 3602 1806 3701 reliqui

1666 3725 1669 3731 ’
1719 3724 1807 3799 P³g¹

523 3875 582 3958 (a)
605 3877 642 3940 So
658 3877 730 3940 aber
745 3879 870 3956 jemand
881 3880 1003 3944 beredet
1021 3843 1191 3962 (beharrel)
1203 3878 1268 3961 dass
1284 3880 1334 3941 ein
1350 3842 1697 3961 raderer-unchristlicb
1709 3879 1803 4027 glau-

488 3960 541 4036 be,
567 3959 639 4041 folle
665 3986 697 4023 er
714 3963 827 4039 folches
844 3990 884 4027 an
901 3967 950 4027 die
968 3965 1095 4027 oderkeit
1113 3965 1259 4047 bringeri,
1285 3963 1507 4029 STlilNER.
1534 3964 1615 4030 Hist.
1641 3962 1706 4028 MS
1737 4006 1745 4023 ι
1770 3959 1803 4027 ἃ

488 4045 569 4126 Hiss.
589 4046 669 4109 Biel.
690 4046 794 4113 MSS.
819 4070 865 4133 ap.
886 4046 1133 4114 llOTTlNG.
1159 4048 1256 4111 Helv.
1282 4050 1385 4113 ll.(1'.
1411 4053 1523 4131 p.169.
1549 4049 1750 4133 &pag.r93.

529 4130 582 4209 (b)
606 4130 687 4193 Aber
704 4137 765 4195 wir
776 4133 886 4209 ¹ferrea
902 4138 1004 4216 wenig
1017 4132 1166 4215 glaubenr
1183 4135 1244 4211 auf
1254 4132 1311 4194 den
1328 4134 1408 4195 donn
1425 4135 1486 4199 dte.

487 4215 581 4364 Τῇ)
599 4235 642 4364 lq.
670 4212 911 4283 RathALD.
942 4220 980 4285 ad
1003 4217 1046 4285 A.
1067 4237 1160 4302 1524.
1192 4216 1221 4300 p.
1242 4236 1293 4299 52.
1317 4219 1382 4303 leq.
1424 4212 1686 4288 Pauunvlc.
1720 4215 1802 4285 Hili.

524 4319 580 4365 rr.
634 4344 642 4361 .
669 4318 717 4362 12.
743 4317 773 4380 5.
1169 4367 1175 4378 ,
1475 4357 1487 4377 ,
1777 4367 1781 4377 ,
