4442 5150
685 594 1583 709 P'R'AEFATIO.-

526 781 791 896 atvero,
842 769 1028 874 fuerunt
1069 769 1179 895 alii,
1231 781 1315 912 qui
1348 826 1428 889 um
1450 814 1568 877 antu
1592 814 1768 884 mu

452 914 644 1054 fignum
680 911 740 1013 ad
775 907 932 1010 labem
960 917 1108 1046 Operi
1135 908 1298 1010 nostro
1320 909 1648 1034 inserendam,
1687 943 1760 1014 at-

489 1091 548 1155 ue
595 1048 821 1152 frivolam
870 1048 1109 1187 quandam
1146 1050 1551 1188 v1t1ht1gationem
1590 1047 1761 1151 foven-

453 1091 570 1291 dam
594 1186 897 1308 sustulerunt,
936 1185 1246 1325 ardoremque
1271 1224 1430 1287 meum
1458 1194 1757 1324 &impetum

453 1326 740 1465 restinguere
757 1322 918 1425 obtusa
936 1322 1115 1462 prorsus
1130 1357 1268 1466 atque
1285 1324 1444 1427 hebeti
1459 1333 1641 1424 ratione
1653 1321 1759 1425 sunt

454 1464 631 1569 annisi:
658 1472 746 1565 His
772 1496 953 1584 autem,
983 1492 1123 1598 atque
1137 1499 1300 1571 eorum
1317 1470 1423 1584 uni,
1452 1500 1559 1560 cum
1573 1469 1625 1558 in
1638 1460 1759 1560 Mes-

453 1603 651 1708 cellaneis
678 1598 842 1700 nostris
870 1599 1161 1730 Grouinganis
1186 1607 1338 1701 Tom.
1368 1606 1453 1705 lV.
1493 1596 1648 1699 fascic.
1676 1608 1754 1701 111.

454 1778 506 1882 p.
540 1777 652 1872 529.
691 1737 755 1876 sq.
800 1737 1011 1876 quadam
1039 1734 1414 1873 reposuissemus,
1452 1732 1504 1836 ut
1529 1732 1760 1836 occlusio-

456 1915 560 1981 rem
619 1876 839 2014 deinceps
889 1872 1083 1973 haberet
1130 1873 1588 2015 stultiloquentiam,
1655 1905 1760 1974 tum

455 2014 633 2118 fastum
675 2011 768 2136 est,
806 2045 857 2111 ut
880 2009 1023 2111 instar
1050 2012 1248 2114 Bacchae
1274 2012 1575 2138 bacchantis,
1615 2050 1760 2152 quam

453 2152 491 2255 fi
528 2159 629 2293 quis
667 2159 709 2251 ei
745 2151 860 2249 velit
901 2145 1214 2276 adversaries,
1265 2190 1321 2252 ex
1358 2151 1522 2273 insana
1550 2154 1759 2290 plerum-

493 2328 550 2390 ue
588 2288 749 2390 reddet
783 2285 1097 2409 insaniorem,
1147 2288 1423 2428 aeruginosus
1448 2291 1528 2389 ille
1589 2296 1760 2430 uisquis

454 2328 831 2550 dictitantur,
882 2425 1091 2563 lucifuga
1127 2441 1279 2551 certe,
1328 2429 1476 2568 longe
1514 2429 1572 2529 ad
1610 2466 1670 2528 uc
1706 2425 1761 2529 s1t

455 2566 663 2668 redditus
701 2561 1026 2702 aeruginosmr,
1062 2595 1201 2704 atque
1228 2566 1565 2672 malefetiatam
1597 2568 1760 2708 prodi-

455 2705 581 2806 derit
604 2700 826 2804 insolenti
852 2701 970 2836 stylo
997 2702 1299 2824 facundiam,
1331 2743 1431 2803 non
1458 2706 1549 2804 alia
1575 2706 1762 2801 meliori

456 2848 672 2962 tatione,
707 2839 832 2976 quod
852 2846 1028 2973 jamin
1056 2835 1333 2937 Praefatione
1358 2842 1526 2938 Tomo
1549 2844 1638 2941 lV.
1677 2874 1763 2935 eo·

456 2980 656 3086 rundem
692 2974 1076 3078 Miscellaneorum
1112 2970 1338 3115 praemissa
1373 2970 1601 3118 professus
1629 2972 1759 3101 sum,

461 3153 604 3262 quam
632 3111 818 3214 silentio
843 3114 1185 3214 retundendam
1200 3169 1215 3239 ,-

396 3286 403 3294 ’
528 3266 687 3392 Atque
734 3252 852 3353 subit
899 3251 980 3352 hic
1016 3260 1188 3352 meritd
1225 3262 1437 3356 animum
1475 3256 1594 3355 illud
1630 3253 1760 3392 quod

459 3394 519 3493 de
566 3391 706 3513 lsaaci
755 3390 991 3514 Casauboni
1042 3393 1360 3494 controversia
1407 3430 1518 3492 cum
1553 3390 1765 3489 diontone

457 3532 623 3635 Ducaeo
667 3528 742 3626 vel
775 3525 1259 3661 Eudaemono-Joanne
1291 3537 1510 3665 agitata,
1555 3525 1760 3686 pruden-

462 3697 532 3767 ter
580 3666 840 3768 admodum
890 3666 1031 3766 refert
1089 3672 1464 3770 THUANUS
1511 3663 1757 3770 H1storiar.

458 3802 541 3908 lib.
568 3811 826 3910 CXXXV.
852 3842 908 3908 c.
937 3812 1044 3909 VH.
1084 3801 1169 3903 fol.
1197 3841 1312 3936 347.
1364 3882 1398 3928 „
1430 3801 1760 3905 Casaubonum

456 4021 495 4072 „
522 3944 687 4048 melius
726 3941 958 4048 facturum
997 3938 1158 4062 fuisse,
1207 3940 1456 4048 stamicos
1493 3939 1759 4066 audivisset,

456 4156 493 4208 ‚,
521 4119 675 4226 neque
697 4081 742 4182 se
767 4119 879 4188 eum
896 4083 982 4183 tali
998 4076 1575 4212 aduetsarioeommistsset
1590 4123 1602 4181 :
1619 4088 1762 4316 {daim

1557 4296 1593 4344 ,‚
1657 4254 1685 4313 o
1738 4251 1769 4314 e
